{"id": "gen9randombattle-2641595572", "format": "[Gen 9] Random Battle", "players": ["v5 pioz", "lazatron"], "log": "|badge|p2|bronze|gen9randombattle|100-9\n|html|<div class=\"broadcast-red\"><strong>This battle is required to be public due to one or more player having a season medal.</strong><br />During the public phase, you can discuss the state of the ladder <a href=\"/seasondiscussion\">in a special chatroom.</a></div>\n|uhtml|medal-msg|<div class=\"broadcast-blue\">Curious what those medals under the avatar are? PS now has Ladder Seasons! For more information, check out the <a href=\"https://www.smogon.com/forums/threads/3740067/\">thread on Smogon.</a></div>\n|raw|<div class=\"broadcast-blue\"><strong>This battle is required to be public due to a player having a name starting with 'medal'.</div>\n|j|\u2606v5 pioz\n|j|\u2606lazatron\n|t:|1782815427\n|gametype|singles\n|player|p1|v5 pioz|265|2140\n|player|p2|lazatron|170|2250\n|gen|9\n|tier|[Gen 9] Random Battle\n|rated|\n|rule|Species Clause: Limit one of each Pok\u00e9mon\n|rule|HP Percentage Mod: HP is shown in percentages\n|rule|Sleep Clause Mod: Limit one foe put to sleep\n|rule|Illusion Level Mod: Illusion disguises the Pok\u00e9mon's true level\n|\n|t:|1782815427\n|teamsize|p1|6\n|teamsize|p2|6\n|start\n|switch|p1a: Ampharos|Ampharos, L88, M|302/302\n|switch|p2a: Milotic|Milotic, L83, M|293/293\n|turn|1\n|j| tokyo sprint\n|inactive|Battle timer is ON: inactive players will automatically lose when time's up. (requested by lazatron)\n|inactive|v5 pioz has 120 seconds left.\n|\n|t:|1782815527\n|switch|p2a: Regice|Regice, L88|284/284\n|move|p1a: Ampharos|Focus Blast|p2a: Regice\n|-supereffective|p2a: Regice\n|-damage|p2a: Regice|136/284\n|-damage|p1a: Ampharos|272/302|[from] item: Life Orb\n|\n|upkeep\n|turn|2\n|\n|t:|1782815538\n|move|p1a: Ampharos|Focus Blast|p2a: Regice\n|-supereffective|p2a: Regice\n|-damage|p2a: Regice|1/284\n|-damage|p1a: Ampharos|242/302|[from] item: Life Orb\n|move|p2a: Regice|Ice Beam|p1a: Ampharos\n|-damage|p1a: Ampharos|134/302\n|\n|upkeep\n|turn|3\n|\n|t:|1782815568\n|move|p1a: Ampharos|Thunderbolt|p2a: Regice\n|-damage|p2a: Regice|0 fnt\n|faint|p2a: Regice\n|-damage|p1a: Ampharos|104/302|[from] item: Life Orb\n|\n|upkeep\n|\n|t:|1782815575\n|switch|p2a: Seviper|Seviper, L93, M|287/287\n|turn|4\n|\n|t:|1782815585\n|move|p2a: Seviper|Earthquake|p1a: Ampharos\n|-supereffective|p1a: Ampharos\n|-damage|p1a: Ampharos|0 fnt\n|faint|p1a: Ampharos\n|\n|upkeep\n|inactive|v5 pioz has 120 seconds left.\n|\n|t:|1782815601\n|switch|p1a: Dondozo|Dondozo, L78, F|362/362\n|turn|5\n|\n|t:|1782815617\n|switch|p2a: Milotic|Milotic, L83, M|293/293\n|move|p1a: Dondozo|Wave Crash|p2a: Milotic\n|-resisted|p2a: Milotic\n|-damage|p2a: Milotic|228/293\n|-damage|p1a: Dondozo|341/362|[from] Recoil\n|\n|-heal|p2a: Milotic|246/293|[from] item: Leftovers\n|-heal|p1a: Dondozo|362/362|[from] item: Leftovers\n|upkeep\n|turn|6\n|\n|t:|1782815628\n|switch|p1a: Eelektross|Eelektross, L87, F|290/290\n|move|p2a: Milotic|Scald|p1a: Eelektross\n|-damage|p1a: Eelektross|229/290\n|\n|-heal|p2a: Milotic|264/293|[from] item: Leftovers\n|upkeep\n|turn|7\n|\n|t:|1782815644\n|move|p2a: Milotic|Scald|p1a: Eelektross\n|-damage|p1a: Eelektross|174/290\n|move|p1a: Eelektross|Discharge|p2a: Milotic\n|-supereffective|p2a: Milotic\n|-damage|p2a: Milotic|130/293\n|\n|-heal|p2a: Milotic|148/293|[from] item: Leftovers\n|upkeep\n|turn|8\n|\n|t:|1782815658\n|switch|p2a: Ditto|Ditto, L87|225/225\n|-transform|p2a: Ditto|p1a: Eelektross|[from] ability: Imposter\n|move|p1a: Eelektross|Discharge|p2a: Ditto\n|-resisted|p2a: Ditto\n|-damage|p2a: Ditto|180/225\n|\n|upkeep\n|turn|9\n|\n|t:|1782815667\n|move|p2a: Ditto|Flamethrower|p1a: Eelektross\n|-damage|p1a: Eelektross|127/290\n|move|p1a: Eelektross|Giga Drain|p2a: Ditto\n|-damage|p2a: Ditto|112/225\n|-heal|p1a: Eelektross|161/290|[from] drain|[of] p2a: Ditto\n|\n|upkeep\n|turn|10\n|\n|t:|1782815673\n|switch|p2a: Masquerain|Masquerain, L87, M|264/264\n|-ability|p2a: Masquerain|Intimidate|boost\n|-unboost|p1a: Eelektross|atk|1\n|move|p1a: Eelektross|Discharge|p2a: Masquerain\n|-supereffective|p2a: Masquerain\n|-damage|p2a: Masquerain|58/264\n|-status|p2a: Masquerain|par\n|\n|upkeep\n|turn|11\n|\n|t:|1782815680\n|move|p1a: Eelektross|Discharge|p2a: Masquerain\n|-supereffective|p2a: Masquerain\n|-damage|p2a: Masquerain|0 fnt\n|faint|p2a: Masquerain\n|\n|upkeep\n|\n|t:|1782815688\n|switch|p2a: Seviper|Seviper, L93, M|287/287\n|turn|12\n|\n|t:|1782815691\n|switch|p1a: Dondozo|Dondozo, L78, F|362/362\n|move|p2a: Seviper|Gunk Shot|p1a: Dondozo\n|-damage|p1a: Dondozo|220/362\n|\n|-heal|p1a: Dondozo|242/362|[from] item: Leftovers\n|upkeep\n|turn|13\n|\n|t:|1782815696\n|switch|p1a: Eelektross|Eelektross, L87, F|161/290\n|move|p2a: Seviper|Gunk Shot|p1a: Eelektross\n|-damage|p1a: Eelektross|2/290\n|\n|upkeep\n|turn|14\n|\n|t:|1782815701\n|switch|p1a: Dondozo|Dondozo, L78, F|242/362\n|move|p2a: Seviper|Trailblaze|p1a: Dondozo\n|-supereffective|p1a: Dondozo\n|-damage|p1a: Dondozo|158/362\n|-boost|p2a: Seviper|spe|1\n|\n|-heal|p1a: Dondozo|180/362|[from] item: Leftovers\n|upkeep\n|turn|15\n|\n|t:|1782815705\n|switch|p2a: Milotic|Milotic, L83, M|148/293\n|move|p1a: Dondozo|Rest|p1a: Dondozo\n|-status|p1a: Dondozo|slp|[from] move: Rest\n|-heal|p1a: Dondozo|362/362 slp|[silent]\n|\n|-heal|p2a: Milotic|166/293|[from] item: Leftovers\n|upkeep\n|turn|16\n|\n|t:|1782815713\n|move|p2a: Milotic|Recover|p2a: Milotic\n|-heal|p2a: Milotic|293/293\n|cant|p1a: Dondozo|slp\n|move|p1a: Dondozo|Sleep Talk|p1a: Dondozo\n|move|p1a: Dondozo|Curse|p1a: Dondozo|[from] move: Sleep Talk\n|-unboost|p1a: Dondozo|spe|1\n|-boost|p1a: Dondozo|atk|1\n|-boost|p1a: Dondozo|def|1\n|\n|upkeep\n|turn|17\n|\n|t:|1782815718\n|cant|p1a: Dondozo|slp\n|move|p1a: Dondozo|Sleep Talk|p1a: Dondozo\n|move|p1a: Dondozo|Wave Crash|p2a: Milotic|[from] move: Sleep Talk\n|-resisted|p2a: Milotic\n|-damage|p2a: Milotic|199/293\n|-damage|p1a: Dondozo|331/362 slp|[from] Recoil\n|move|p2a: Milotic|Dragon Tail|p1a: Dondozo\n|-damage|p1a: Dondozo|312/362 slp\n|drag|p1a: Heatran|Heatran, L79, F|273/273\n|-item|p1a: Heatran|Air Balloon\n|\n|-heal|p2a: Milotic|217/293|[from] item: Leftovers\n|upkeep\n|turn|18\n|\n|t:|1782815730\n|switch|p1a: Dondozo|Dondozo, L78, F|312/362 slp\n|move|p2a: Milotic|Scald|p1a: Dondozo\n|-resisted|p1a: Dondozo\n|-damage|p1a: Dondozo|258/362 slp\n|\n|-heal|p2a: Milotic|235/293|[from] item: Leftovers\n|-heal|p1a: Dondozo|280/362 slp|[from] item: Leftovers\n|upkeep\n|turn|19\n|\n|t:|1782815737\n|move|p2a: Milotic|Scald|p1a: Dondozo\n|-resisted|p1a: Dondozo\n|-damage|p1a: Dondozo|222/362 slp\n|-curestatus|p1a: Dondozo|slp|[msg]\n|move|p1a: Dondozo|Curse|p1a: Dondozo\n|-unboost|p1a: Dondozo|spe|1\n|-boost|p1a: Dondozo|atk|1\n|-boost|p1a: Dondozo|def|1\n|\n|-heal|p2a: Milotic|253/293|[from] item: Leftovers\n|-heal|p1a: Dondozo|244/362|[from] item: Leftovers\n|upkeep\n|turn|20\n|\n|t:|1782815749\n|move|p2a: Milotic|Scald|p1a: Dondozo\n|-resisted|p1a: Dondozo\n|-damage|p1a: Dondozo|191/362\n|move|p1a: Dondozo|Wave Crash|p2a: Milotic\n|-resisted|p2a: Milotic\n|-damage|p2a: Milotic|156/293\n|-damage|p1a: Dondozo|159/362|[from] Recoil\n|\n|-heal|p2a: Milotic|174/293|[from] item: Leftovers\n|-heal|p1a: Dondozo|181/362|[from] item: Leftovers\n|upkeep\n|turn|21\n|\n|t:|1782815755\n|move|p2a: Milotic|Scald|p1a: Dondozo\n|-resisted|p1a: Dondozo\n|-damage|p1a: Dondozo|120/362\n|move|p1a: Dondozo|Rest|p1a: Dondozo\n|-status|p1a: Dondozo|slp|[from] move: Rest\n|-heal|p1a: Dondozo|362/362 slp|[silent]\n|\n|-heal|p2a: Milotic|192/293|[from] item: Leftovers\n|upkeep\n|turn|22\n|\n|t:|1782815766\n|cant|p1a: Dondozo|slp\n|move|p1a: Dondozo|Sleep Talk|p1a: Dondozo\n|move|p1a: Dondozo|Curse|p1a: Dondozo|[from] move: Sleep Talk\n|-unboost|p1a: Dondozo|spe|1\n|-boost|p1a: Dondozo|atk|1\n|-boost|p1a: Dondozo|def|1\n|move|p2a: Milotic|Dragon Tail|p1a: Dondozo\n|-damage|p1a: Dondozo|349/362 slp\n|drag|p1a: Heatran|Heatran, L79, F|273/273\n|-item|p1a: Heatran|Air Balloon\n|\n|-heal|p2a: Milotic|210/293|[from] item: Leftovers\n|upkeep\n|turn|23\n|\n|t:|1782815777\n|switch|p2a: Ditto|Ditto, L87|112/225\n|-transform|p2a: Ditto|p1a: Heatran|[from] ability: Imposter\n|switch|p1a: Dondozo|Dondozo, L78, F|349/362 slp\n|\n|-heal|p1a: Dondozo|362/362 slp|[from] item: Leftovers\n|upkeep\n|turn|24\n|\n|t:|1782815798\n|switch|p1a: Heatran|Heatran, L79, F|273/273\n|-item|p1a: Heatran|Air Balloon\n|move|p2a: Ditto|Stealth Rock|p1a: Heatran\n|-sidestart|p1: v5 pioz|move: Stealth Rock\n|\n|upkeep\n|turn|25\n|\n|t:|1782815801\n|switch|p2a: Milotic|Milotic, L83, M|210/293\n|move|p1a: Heatran|Stealth Rock|p2a: Milotic\n|-sidestart|p2: lazatron|move: Stealth Rock\n|\n|-heal|p2a: Milotic|228/293|[from] item: Leftovers\n|upkeep\n|turn|26\n|\n|t:|1782815805\n|switch|p1a: Dondozo|Dondozo, L78, F|362/362 slp\n|-damage|p1a: Dondozo|317/362 slp|[from] Stealth Rock\n|move|p2a: Milotic|Dragon Tail|p1a: Dondozo\n|-crit|p1a: Dondozo\n|-damage|p1a: Dondozo|278/362 slp\n|drag|p1a: Heatran|Heatran, L79, F|273/273\n|-damage|p1a: Heatran|239/273|[from] Stealth Rock\n|-item|p1a: Heatran|Air Balloon\n|\n|-heal|p2a: Milotic|246/293|[from] item: Leftovers\n|upkeep\n|turn|27\n|\n|t:|1782815831\n|switch|p1a: Dondozo|Dondozo, L78, F|278/362 slp\n|-damage|p1a: Dondozo|233/362 slp|[from] Stealth Rock\n|move|p2a: Milotic|Dragon Tail|p1a: Dondozo|[miss]\n|-miss|p2a: Milotic|p1a: Dondozo\n|\n|-heal|p2a: Milotic|264/293|[from] item: Leftovers\n|-heal|p1a: Dondozo|255/362 slp|[from] item: Leftovers\n|upkeep\n|turn|28\n|\n|t:|1782815835\n|cant|p1a: Dondozo|slp\n|move|p1a: Dondozo|Sleep Talk|p1a: Dondozo\n|move|p1a: Dondozo|Curse|p1a: Dondozo|[from] move: Sleep Talk\n|-unboost|p1a: Dondozo|spe|1\n|-boost|p1a: Dondozo|atk|1\n|-boost|p1a: Dondozo|def|1\n|move|p2a: Milotic|Dragon Tail|p1a: Dondozo\n|-damage|p1a: Dondozo|238/362 slp\n|drag|p1a: Ribombee|Ribombee, L83, F|235/235\n|\n|-heal|p2a: Milotic|282/293|[from] item: Leftovers\n|upkeep\n|turn|29\n|inactive|v5 pioz has 120 seconds left.\n|inactive|v5 pioz has 90 seconds left.\n|\n|t:|1782815894\n|move|p1a: Ribombee|U-turn|p2a: Milotic\n|-damage|p2a: Milotic|228/293\n|\n|t:|1782815897\n|switch|p1a: Dondozo|Dondozo, L78, F|238/362 slp|[from] U-turn\n|-damage|p1a: Dondozo|193/362 slp|[from] Stealth Rock\n|move|p2a: Milotic|Scald|p1a: Dondozo\n|-resisted|p1a: Dondozo\n|-damage|p1a: Dondozo|140/362 slp\n|\n|-heal|p2a: Milotic|246/293|[from] item: Leftovers\n|-heal|p1a: Dondozo|162/362 slp|[from] item: Leftovers\n|upkeep\n|turn|30\n|\n|t:|1782815902\n|-curestatus|p1a: Dondozo|slp|[msg]\n|move|p1a: Dondozo|Rest|p1a: Dondozo\n|-status|p1a: Dondozo|slp|[from] move: Rest\n|-heal|p1a: Dondozo|362/362 slp|[silent]\n|move|p2a: Milotic|Dragon Tail|p1a: Dondozo\n|-damage|p1a: Dondozo|334/362 slp\n|drag|p1a: Heatran|Heatran, L79, F|239/273\n|-damage|p1a: Heatran|205/273|[from] Stealth Rock\n|-item|p1a: Heatran|Air Balloon\n|\n|-heal|p2a: Milotic|264/293|[from] item: Leftovers\n|upkeep\n|turn|31\n|\n|t:|1782815911\n|switch|p1a: Dondozo|Dondozo, L78, F|334/362 slp\n|-damage|p1a: Dondozo|289/362 slp|[from] Stealth Rock\n|move|p2a: Milotic|Scald|p1a: Dondozo\n|-resisted|p1a: Dondozo\n|-damage|p1a: Dondozo|235/362 slp\n|\n|-heal|p2a: Milotic|282/293|[from] item: Leftovers\n|-heal|p1a: Dondozo|257/362 slp|[from] item: Leftovers\n|upkeep\n|turn|32\n|\n|t:|1782815915\n|cant|p1a: Dondozo|slp\n|move|p1a: Dondozo|Sleep Talk|p1a: Dondozo\n|move|p1a: Dondozo|Rest||[from] move: Sleep Talk|[still]\n|-fail|p1a: Dondozo\n|move|p2a: Milotic|Dragon Tail|p1a: Dondozo|[miss]\n|-miss|p2a: Milotic|p1a: Dondozo\n|\n|-heal|p2a: Milotic|293/293|[from] item: Leftovers\n|-heal|p1a: Dondozo|279/362 slp|[from] item: Leftovers\n|upkeep\n|turn|33\n|\n|t:|1782815918\n|cant|p1a: Dondozo|slp\n|move|p1a: Dondozo|Sleep Talk|p1a: Dondozo\n|move|p1a: Dondozo|Wave Crash|p2a: Milotic|[from] move: Sleep Talk\n|-resisted|p2a: Milotic\n|-damage|p2a: Milotic|233/293\n|-damage|p1a: Dondozo|259/362 slp|[from] Recoil\n|move|p2a: Milotic|Dragon Tail|p1a: Dondozo\n|-damage|p1a: Dondozo|231/362 slp\n|drag|p1a: Heatran|Heatran, L79, F|205/273\n|-damage|p1a: Heatran|171/273|[from] Stealth Rock\n|-item|p1a: Heatran|Air Balloon\n|\n|-heal|p2a: Milotic|251/293|[from] item: Leftovers\n|upkeep\n|turn|34\n|\n|t:|1782815925\n|switch|p1a: Dondozo|Dondozo, L78, F|231/362 slp\n|-damage|p1a: Dondozo|186/362 slp|[from] Stealth Rock\n|move|p2a: Milotic|Scald|p1a: Dondozo\n|-resisted|p1a: Dondozo\n|-damage|p1a: Dondozo|127/362 slp\n|\n|-heal|p2a: Milotic|269/293|[from] item: Leftovers\n|-heal|p1a: Dondozo|149/362 slp|[from] item: Leftovers\n|upkeep\n|turn|35\n|\n|t:|1782815930\n|-curestatus|p1a: Dondozo|slp|[msg]\n|move|p1a: Dondozo|Rest|p1a: Dondozo\n|-status|p1a: Dondozo|slp|[from] move: Rest\n|-heal|p1a: Dondozo|362/362 slp|[silent]\n|move|p2a: Milotic|Dragon Tail|p1a: Dondozo\n|-damage|p1a: Dondozo|337/362 slp\n|drag|p1a: Heatran|Heatran, L79, F|171/273\n|-damage|p1a: Heatran|137/273|[from] Stealth Rock\n|-item|p1a: Heatran|Air Balloon\n|\n|-heal|p2a: Milotic|287/293|[from] item: Leftovers\n|upkeep\n|turn|36\n|\n|t:|1782815935\n|switch|p1a: Dondozo|Dondozo, L78, F|337/362 slp\n|-damage|p1a: Dondozo|292/362 slp|[from] Stealth Rock\n|move|p2a: Milotic|Dragon Tail|p1a: Dondozo\n|-crit|p1a: Dondozo\n|-damage|p1a: Dondozo|251/362 slp\n|drag|p1a: Ribombee|Ribombee, L83, F|235/235\n|\n|-heal|p2a: Milotic|293/293|[from] item: Leftovers\n|upkeep\n|turn|37\n|\n|t:|1782815943\n|move|p1a: Ribombee|Bug Buzz|p2a: Milotic\n|-damage|p2a: Milotic|221/293\n|move|p2a: Milotic|Scald|p1a: Ribombee\n|-damage|p1a: Ribombee|126/235\n|\n|-heal|p2a: Milotic|239/293|[from] item: Leftovers\n|upkeep\n|turn|38\n|\n|t:|1782815948\n|move|p1a: Ribombee|Bug Buzz|p2a: Milotic\n|-damage|p2a: Milotic|170/293\n|move|p2a: Milotic|Scald|p1a: Ribombee\n|-damage|p1a: Ribombee|24/235\n|\n|-heal|p2a: Milotic|188/293|[from] item: Leftovers\n|upkeep\n|turn|39\n|\n|t:|1782815951\n|move|p1a: Ribombee|Sticky Web|p2a: Milotic\n|-sidestart|p2: lazatron|move: Sticky Web\n|move|p2a: Milotic|Scald|p1a: Ribombee\n|-damage|p1a: Ribombee|0 fnt\n|faint|p1a: Ribombee\n|\n|-heal|p2a: Milotic|206/293|[from] item: Leftovers\n|upkeep\n|\n|t:|1782815957\n|switch|p1a: Dondozo|Dondozo, L78, F|251/362 slp\n|-damage|p1a: Dondozo|206/362 slp|[from] Stealth Rock\n|turn|40\n|\n|t:|1782815961\n|cant|p1a: Dondozo|slp\n|move|p1a: Dondozo|Sleep Talk|p1a: Dondozo\n|move|p1a: Dondozo|Curse|p1a: Dondozo|[from] move: Sleep Talk\n|-unboost|p1a: Dondozo|spe|1\n|-boost|p1a: Dondozo|atk|1\n|-boost|p1a: Dondozo|def|1\n|move|p2a: Milotic|Dragon Tail|p1a: Dondozo\n|-damage|p1a: Dondozo|187/362 slp\n|drag|p1a: Heatran|Heatran, L79, F|137/273\n|-damage|p1a: Heatran|103/273|[from] Stealth Rock\n|-item|p1a: Heatran|Air Balloon\n|\n|-heal|p2a: Milotic|224/293|[from] item: Leftovers\n|upkeep\n|turn|41\n|\n|t:|1782815966\n|move|p1a: Heatran|Lava Plume|p2a: Milotic\n|-resisted|p2a: Milotic\n|-damage|p2a: Milotic|186/293\n|move|p2a: Milotic|Dragon Tail|p1a: Heatran\n|-resisted|p1a: Heatran\n|-damage|p1a: Heatran|89/273\n|-enditem|p1a: Heatran|Air Balloon\n|drag|p1a: Eelektross|Eelektross, L87, F|2/290\n|-damage|p1a: Eelektross|0 fnt|[from] Stealth Rock\n|faint|p1a: Eelektross\n|\n|-heal|p2a: Milotic|204/293|[from] item: Leftovers\n|upkeep\n|\n|t:|1782815971\n|switch|p1a: Heatran|Heatran, L79, F|89/273\n|-damage|p1a: Heatran|55/273|[from] Stealth Rock\n|turn|42\n|\n|t:|1782815974\n|move|p2a: Milotic|Scald|p1a: Heatran\n|-supereffective|p1a: Heatran\n|-damage|p1a: Heatran|0 fnt\n|faint|p1a: Heatran\n|\n|-heal|p2a: Milotic|222/293|[from] item: Leftovers\n|upkeep\n|\n|t:|1782815976\n|switch|p1a: Dondozo|Dondozo, L78, F|187/362 slp\n|-damage|p1a: Dondozo|142/362 slp|[from] Stealth Rock\n|turn|43\n|\n|t:|1782815980\n|cant|p1a: Dondozo|slp\n|move|p1a: Dondozo|Sleep Talk|p1a: Dondozo\n|move|p1a: Dondozo|Wave Crash|p2a: Milotic|[from] move: Sleep Talk\n|-resisted|p2a: Milotic\n|-damage|p2a: Milotic|160/293\n|-damage|p1a: Dondozo|122/362 slp|[from] Recoil\n|move|p2a: Milotic|Dragon Tail|p1a: Dondozo\n|-damage|p1a: Dondozo|96/362 slp\n|drag|p1a: Inteleon|Inteleon, L81, M|246/246\n|-damage|p1a: Inteleon|216/246|[from] Stealth Rock\n|\n|-heal|p2a: Milotic|178/293|[from] item: Leftovers\n|upkeep\n|turn|44\n|\n|t:|1782815987\n|move|p1a: Inteleon|Scald|p2a: Milotic\n|-resisted|p2a: Milotic\n|-damage|p2a: Milotic|119/293\n|-status|p2a: Milotic|brn\n|move|p2a: Milotic|Recover|p2a: Milotic\n|-heal|p2a: Milotic|266/293 brn\n|\n|-heal|p2a: Milotic|284/293 brn|[from] item: Leftovers\n|-damage|p2a: Milotic|266/293 brn|[from] brn\n|upkeep\n|turn|45\n|\n|t:|1782816006\n|move|p1a: Inteleon|Scald|p2a: Milotic\n|-resisted|p2a: Milotic\n|-damage|p2a: Milotic|215/293 brn\n|move|p2a: Milotic|Dragon Tail|p1a: Inteleon\n|-damage|p1a: Inteleon|196/246\n|drag|p1a: Dondozo|Dondozo, L78, F|96/362 slp\n|-damage|p1a: Dondozo|51/362 slp|[from] Stealth Rock\n|\n|-heal|p2a: Milotic|233/293 brn|[from] item: Leftovers\n|-heal|p1a: Dondozo|73/362 slp|[from] item: Leftovers\n|-damage|p2a: Milotic|215/293 brn|[from] brn\n|upkeep\n|turn|46\n|inactive|lazatron has 120 seconds left.\n|inactive|lazatron has 90 seconds left.\n|\n|t:|1782816076\n|switch|p2a: Seviper|Seviper, L93, M|287/287\n|-damage|p2a: Seviper|252/287|[from] Stealth Rock\n|-activate|p2a: Seviper|move: Sticky Web\n|-unboost|p2a: Seviper|spe|1\n|-curestatus|p1a: Dondozo|slp|[msg]\n|move|p1a: Dondozo|Rest|p1a: Dondozo\n|-status|p1a: Dondozo|slp|[from] move: Rest\n|-heal|p1a: Dondozo|362/362 slp|[silent]\n|\n|-heal|p2a: Seviper|269/287|[from] item: Leftovers\n|upkeep\n|turn|47\n|\n|t:|1782816082\n|move|p2a: Seviper|Gunk Shot|p1a: Dondozo\n|-damage|p1a: Dondozo|235/362 slp\n|cant|p1a: Dondozo|slp\n|move|p1a: Dondozo|Sleep Talk|p1a: Dondozo\n|move|p1a: Dondozo|Rest||[from] move: Sleep Talk|[still]\n|-fail|p1a: Dondozo\n|\n|-heal|p2a: Seviper|286/287|[from] item: Leftovers\n|-heal|p1a: Dondozo|257/362 slp|[from] item: Leftovers\n|upkeep\n|turn|48\n|\n|t:|1782816087\n|move|p2a: Seviper|Gunk Shot|p1a: Dondozo\n|-damage|p1a: Dondozo|124/362 slp\n|cant|p1a: Dondozo|slp\n|move|p1a: Dondozo|Sleep Talk|p1a: Dondozo\n|move|p1a: Dondozo|Rest||[from] move: Sleep Talk|[still]\n|-fail|p1a: Dondozo\n|\n|-heal|p2a: Seviper|287/287|[from] item: Leftovers\n|-heal|p1a: Dondozo|146/362 slp|[from] item: Leftovers\n|upkeep\n|turn|49\n|\n|t:|1782816101\n|move|p2a: Seviper|Trailblaze|p1a: Dondozo\n|-supereffective|p1a: Dondozo\n|-damage|p1a: Dondozo|72/362 slp\n|-boost|p2a: Seviper|spe|1\n|-curestatus|p1a: Dondozo|slp|[msg]\n|move|p1a: Dondozo|Rest|p1a: Dondozo\n|-status|p1a: Dondozo|slp|[from] move: Rest\n|-heal|p1a: Dondozo|362/362 slp|[silent]\n|\n|upkeep\n|turn|50\n|\n|t:|1782816105\n|move|p2a: Seviper|Gunk Shot|p1a: Dondozo\n|-damage|p1a: Dondozo|215/362 slp\n|cant|p1a: Dondozo|slp\n|move|p1a: Dondozo|Sleep Talk|p1a: Dondozo\n|move|p1a: Dondozo|Curse|p1a: Dondozo|[from] move: Sleep Talk\n|-unboost|p1a: Dondozo|spe|1\n|-boost|p1a: Dondozo|atk|1\n|-boost|p1a: Dondozo|def|1\n|\n|-heal|p1a: Dondozo|237/362 slp|[from] item: Leftovers\n|upkeep\n|turn|51\n|\n|t:|1782816108\n|move|p2a: Seviper|Gunk Shot|p1a: Dondozo\n|-damage|p1a: Dondozo|149/362 slp\n|cant|p1a: Dondozo|slp\n|move|p1a: Dondozo|Sleep Talk|p1a: Dondozo\n|move|p1a: Dondozo|Wave Crash|p2a: Seviper|[from] move: Sleep Talk\n|-damage|p2a: Seviper|92/287\n|-damage|p1a: Dondozo|85/362 slp|[from] Recoil\n|\n|-heal|p2a: Seviper|109/287|[from] item: Leftovers\n|-heal|p1a: Dondozo|107/362 slp|[from] item: Leftovers\n|upkeep\n|turn|52\n|\n|t:|1782816115\n|move|p2a: Seviper|Gunk Shot|p1a: Dondozo\n|-damage|p1a: Dondozo|8/362 slp\n|-curestatus|p1a: Dondozo|slp|[msg]\n|move|p1a: Dondozo|Rest|p1a: Dondozo\n|-status|p1a: Dondozo|slp|[from] move: Rest\n|-heal|p1a: Dondozo|362/362 slp|[silent]\n|\n|-heal|p2a: Seviper|126/287|[from] item: Leftovers\n|upkeep\n|turn|53\n|\n|t:|1782816126\n|switch|p2a: Milotic|Milotic, L83, M|215/293 brn\n|-damage|p2a: Milotic|179/293 brn|[from] Stealth Rock\n|-activate|p2a: Milotic|move: Sticky Web\n|-unboost|p2a: Milotic|spe|1\n|-ability|p2a: Milotic|Competitive|boost\n|-boost|p2a: Milotic|spa|2\n|cant|p1a: Dondozo|slp\n|move|p1a: Dondozo|Sleep Talk|p1a: Dondozo\n|move|p1a: Dondozo|Wave Crash|p2a: Milotic|[from] move: Sleep Talk\n|-resisted|p2a: Milotic\n|-damage|p2a: Milotic|86/293 brn\n|-damage|p1a: Dondozo|331/362 slp|[from] Recoil\n|\n|-heal|p2a: Milotic|104/293 brn|[from] item: Leftovers\n|-heal|p1a: Dondozo|353/362 slp|[from] item: Leftovers\n|-damage|p2a: Milotic|86/293 brn|[from] brn\n|upkeep\n|turn|54\n|\n|t:|1782816131\n|move|p2a: Milotic|Recover|p2a: Milotic\n|-heal|p2a: Milotic|233/293 brn\n|cant|p1a: Dondozo|slp\n|move|p1a: Dondozo|Sleep Talk|p1a: Dondozo\n|move|p1a: Dondozo|Curse|p1a: Dondozo|[from] move: Sleep Talk\n|-unboost|p1a: Dondozo|spe|1\n|-boost|p1a: Dondozo|atk|1\n|-boost|p1a: Dondozo|def|1\n|\n|-heal|p2a: Milotic|251/293 brn|[from] item: Leftovers\n|-heal|p1a: Dondozo|362/362 slp|[from] item: Leftovers\n|-damage|p2a: Milotic|233/293 brn|[from] brn\n|upkeep\n|turn|55\n|\n|t:|1782816138\n|move|p2a: Milotic|Recover|p2a: Milotic\n|-heal|p2a: Milotic|293/293 brn\n|-curestatus|p1a: Dondozo|slp|[msg]\n|move|p1a: Dondozo|Wave Crash|p2a: Milotic\n|-resisted|p2a: Milotic\n|-damage|p2a: Milotic|162/293 brn\n|-damage|p1a: Dondozo|319/362|[from] Recoil\n|\n|-heal|p2a: Milotic|180/293 brn|[from] item: Leftovers\n|-heal|p1a: Dondozo|341/362|[from] item: Leftovers\n|-damage|p2a: Milotic|162/293 brn|[from] brn\n|upkeep\n|turn|56\n|\n|t:|1782816153\n|move|p2a: Milotic|Scald|p1a: Dondozo\n|-resisted|p1a: Dondozo\n|-damage|p1a: Dondozo|284/362\n|move|p1a: Dondozo|Wave Crash|p2a: Milotic\n|-resisted|p2a: Milotic\n|-damage|p2a: Milotic|30/293 brn\n|-damage|p1a: Dondozo|240/362|[from] Recoil\n|\n|-heal|p2a: Milotic|48/293 brn|[from] item: Leftovers\n|-heal|p1a: Dondozo|262/362|[from] item: Leftovers\n|-damage|p2a: Milotic|30/293 brn|[from] brn\n|upkeep\n|turn|57\n|\n|t:|1782816157\n|move|p2a: Milotic|Recover|p2a: Milotic\n|-heal|p2a: Milotic|177/293 brn\n|move|p1a: Dondozo|Curse|p1a: Dondozo\n|-unboost|p1a: Dondozo|spe|1\n|-boost|p1a: Dondozo|atk|1\n|-boost|p1a: Dondozo|def|1\n|\n|-heal|p2a: Milotic|195/293 brn|[from] item: Leftovers\n|-heal|p1a: Dondozo|284/362|[from] item: Leftovers\n|-damage|p2a: Milotic|177/293 brn|[from] brn\n|upkeep\n|turn|58\n|\n|t:|1782816160\n|move|p2a: Milotic|Scald|p1a: Dondozo\n|-resisted|p1a: Dondozo\n|-damage|p1a: Dondozo|223/362\n|-status|p1a: Dondozo|brn\n|move|p1a: Dondozo|Wave Crash|p2a: Milotic\n|-resisted|p2a: Milotic\n|-damage|p2a: Milotic|93/293 brn\n|-damage|p1a: Dondozo|195/362 brn|[from] Recoil\n|\n|-heal|p2a: Milotic|111/293 brn|[from] item: Leftovers\n|-heal|p1a: Dondozo|217/362 brn|[from] item: Leftovers\n|-damage|p2a: Milotic|93/293 brn|[from] brn\n|-damage|p1a: Dondozo|195/362 brn|[from] brn\n|upkeep\n|turn|59\n|\n|t:|1782816165\n|move|p2a: Milotic|Recover|p2a: Milotic\n|-heal|p2a: Milotic|240/293 brn\n|move|p1a: Dondozo|Wave Crash|p2a: Milotic\n|-resisted|p2a: Milotic\n|-damage|p2a: Milotic|168/293 brn\n|-damage|p1a: Dondozo|171/362 brn|[from] Recoil\n|\n|-heal|p2a: Milotic|186/293 brn|[from] item: Leftovers\n|-heal|p1a: Dondozo|193/362 brn|[from] item: Leftovers\n|-damage|p2a: Milotic|168/293 brn|[from] brn\n|-damage|p1a: Dondozo|171/362 brn|[from] brn\n|upkeep\n|turn|60\n|\n|t:|1782816175\n|move|p2a: Milotic|Recover|p2a: Milotic\n|-heal|p2a: Milotic|293/293 brn\n|move|p1a: Dondozo|Rest|p1a: Dondozo\n|-status|p1a: Dondozo|slp|[from] move: Rest\n|-heal|p1a: Dondozo|362/362 slp|[silent]\n|\n|-damage|p2a: Milotic|275/293 brn|[from] brn\n|upkeep\n|turn|61\n|\n|t:|1782816178\n|cant|p1a: Dondozo|slp\n|move|p1a: Dondozo|Sleep Talk|p1a: Dondozo\n|move|p1a: Dondozo|Rest||[from] move: Sleep Talk|[still]\n|-fail|p1a: Dondozo\n|move|p2a: Milotic|Dragon Tail|p1a: Dondozo\n|-damage|p1a: Dondozo|356/362 slp\n|drag|p1a: Inteleon|Inteleon, L81, M|196/246\n|-damage|p1a: Inteleon|166/246|[from] Stealth Rock\n|\n|-heal|p2a: Milotic|293/293 brn|[from] item: Leftovers\n|-damage|p2a: Milotic|275/293 brn|[from] brn\n|upkeep\n|turn|62\n|\n|t:|1782816185\n|move|p1a: Inteleon|Hydro Pump|p2a: Milotic\n|-resisted|p2a: Milotic\n|-damage|p2a: Milotic|196/293 brn\n|move|p2a: Milotic|Scald|p1a: Inteleon\n|-resisted|p1a: Inteleon\n|-damage|p1a: Inteleon|51/246\n|\n|-heal|p2a: Milotic|214/293 brn|[from] item: Leftovers\n|-damage|p2a: Milotic|196/293 brn|[from] brn\n|upkeep\n|turn|63\n|\n|t:|1782816191\n|move|p1a: Inteleon|Hydro Pump|p2a: Milotic\n|-resisted|p2a: Milotic\n|-damage|p2a: Milotic|90/293 brn\n|move|p2a: Milotic|Scald|p1a: Inteleon\n|-resisted|p1a: Inteleon\n|-damage|p1a: Inteleon|0 fnt\n|faint|p1a: Inteleon\n|\n|-heal|p2a: Milotic|108/293 brn|[from] item: Leftovers\n|-damage|p2a: Milotic|90/293 brn|[from] brn\n|upkeep\n|\n|t:|1782816194\n|switch|p1a: Dondozo|Dondozo, L78, F|356/362 slp\n|-damage|p1a: Dondozo|311/362 slp|[from] Stealth Rock\n|turn|64\n|inactive|lazatron has 120 seconds left.\n|\n|t:|1782816229\n|switch|p2a: Seviper|Seviper, L93, M|126/287\n|-damage|p2a: Seviper|91/287|[from] Stealth Rock\n|-activate|p2a: Seviper|move: Sticky Web\n|-unboost|p2a: Seviper|spe|1\n|cant|p1a: Dondozo|slp\n|move|p1a: Dondozo|Sleep Talk|p1a: Dondozo\n|move|p1a: Dondozo|Rest||[from] move: Sleep Talk|[still]\n|-fail|p1a: Dondozo\n|\n|-heal|p2a: Seviper|108/287|[from] item: Leftovers\n|-heal|p1a: Dondozo|333/362 slp|[from] item: Leftovers\n|upkeep\n|turn|65\n|\n|t:|1782816234\n|move|p2a: Seviper|Gunk Shot|p1a: Dondozo\n|-damage|p1a: Dondozo|203/362 slp\n|-curestatus|p1a: Dondozo|slp|[msg]\n|move|p1a: Dondozo|Curse|p1a: Dondozo\n|-unboost|p1a: Dondozo|spe|1\n|-boost|p1a: Dondozo|atk|1\n|-boost|p1a: Dondozo|def|1\n|\n|-heal|p2a: Seviper|125/287|[from] item: Leftovers\n|-heal|p1a: Dondozo|225/362|[from] item: Leftovers\n|upkeep\n|turn|66\n|\n|t:|1782816237\n|move|p2a: Seviper|Trailblaze|p1a: Dondozo\n|-supereffective|p1a: Dondozo\n|-damage|p1a: Dondozo|175/362\n|-boost|p2a: Seviper|spe|1\n|move|p1a: Dondozo|Curse|p1a: Dondozo\n|-unboost|p1a: Dondozo|spe|1\n|-boost|p1a: Dondozo|atk|1\n|-boost|p1a: Dondozo|def|1\n|\n|-heal|p2a: Seviper|142/287|[from] item: Leftovers\n|-heal|p1a: Dondozo|197/362|[from] item: Leftovers\n|upkeep\n|turn|67\n|\n|t:|1782816239\n|move|p2a: Seviper|Trailblaze|p1a: Dondozo\n|-supereffective|p1a: Dondozo\n|-damage|p1a: Dondozo|153/362\n|-boost|p2a: Seviper|spe|1\n|move|p1a: Dondozo|Curse|p1a: Dondozo\n|-unboost|p1a: Dondozo|spe|1\n|-boost|p1a: Dondozo|atk|1\n|-boost|p1a: Dondozo|def|1\n|\n|-heal|p2a: Seviper|159/287|[from] item: Leftovers\n|-heal|p1a: Dondozo|175/362|[from] item: Leftovers\n|upkeep\n|turn|68\n|\n|t:|1782816242\n|move|p2a: Seviper|Trailblaze|p1a: Dondozo\n|-supereffective|p1a: Dondozo\n|-damage|p1a: Dondozo|143/362\n|-boost|p2a: Seviper|spe|1\n|move|p1a: Dondozo|Curse|p1a: Dondozo\n|-unboost|p1a: Dondozo|spe|1\n|-boost|p1a: Dondozo|atk|1\n|-boost|p1a: Dondozo|def|1\n|\n|-heal|p2a: Seviper|176/287|[from] item: Leftovers\n|-heal|p1a: Dondozo|165/362|[from] item: Leftovers\n|upkeep\n|turn|69\n|\n|t:|1782816245\n|move|p2a: Seviper|Trailblaze|p1a: Dondozo\n|-supereffective|p1a: Dondozo\n|-damage|p1a: Dondozo|137/362\n|-boost|p2a: Seviper|spe|1\n|move|p1a: Dondozo|Curse|p1a: Dondozo\n|-unboost|p1a: Dondozo|spe|1\n|-boost|p1a: Dondozo|atk|1\n|-boost|p1a: Dondozo|def|1\n|\n|-heal|p2a: Seviper|193/287|[from] item: Leftovers\n|-heal|p1a: Dondozo|159/362|[from] item: Leftovers\n|upkeep\n|turn|70\n|\n|t:|1782816247\n|move|p2a: Seviper|Trailblaze|p1a: Dondozo\n|-supereffective|p1a: Dondozo\n|-damage|p1a: Dondozo|135/362\n|-boost|p2a: Seviper|spe|1\n|move|p1a: Dondozo|Curse|p1a: Dondozo\n|-unboost|p1a: Dondozo|spe|1\n|-boost|p1a: Dondozo|atk|1\n|-boost|p1a: Dondozo|def|1\n|\n|-heal|p2a: Seviper|210/287|[from] item: Leftovers\n|-heal|p1a: Dondozo|157/362|[from] item: Leftovers\n|upkeep\n|turn|71\n|\n|t:|1782816251\n|move|p2a: Seviper|Trailblaze|p1a: Dondozo\n|-supereffective|p1a: Dondozo\n|-damage|p1a: Dondozo|135/362\n|-boost|p2a: Seviper|spe|1\n|move|p1a: Dondozo|Curse|p1a: Dondozo\n|\n|-heal|p2a: Seviper|227/287|[from] item: Leftovers\n|-heal|p1a: Dondozo|157/362|[from] item: Leftovers\n|upkeep\n|turn|72\n|\n|t:|1782816260\n|move|p2a: Seviper|Trailblaze|p1a: Dondozo\n|-supereffective|p1a: Dondozo\n|-damage|p1a: Dondozo|135/362\n|-boost|p2a: Seviper|spe|1\n|move|p1a: Dondozo|Wave Crash|p2a: Seviper\n|-damage|p2a: Seviper|0 fnt\n|faint|p2a: Seviper\n|-damage|p1a: Dondozo|60/362|[from] Recoil\n|\n|-heal|p1a: Dondozo|82/362|[from] item: Leftovers\n|upkeep\n|\n|t:|1782816266\n|switch|p2a: Ditto|Ditto, L87|112/225\n|-damage|p2a: Ditto|84/225|[from] Stealth Rock\n|-activate|p2a: Ditto|move: Sticky Web\n|-unboost|p2a: Ditto|spe|1\n|-transform|p2a: Ditto|p1a: Dondozo|[from] ability: Imposter\n|turn|73\n|\n|t:|1782816270\n|move|p2a: Ditto|Wave Crash|p1a: Dondozo\n|-resisted|p1a: Dondozo\n|-damage|p1a: Dondozo|28/362\n|-damage|p2a: Ditto|66/225|[from] Recoil\n|move|p1a: Dondozo|Curse|p1a: Dondozo\n|\n|-heal|p1a: Dondozo|50/362|[from] item: Leftovers\n|upkeep\n|turn|74\n|\n|t:|1782816273\n|move|p2a: Ditto|Wave Crash|p1a: Dondozo\n|-resisted|p1a: Dondozo\n|-damage|p1a: Dondozo|0 fnt\n|faint|p1a: Dondozo\n|-damage|p2a: Ditto|49/225|[from] Recoil\n|\n|win|lazatron\n|raw|v5 pioz's rating: 2140 &rarr; <strong>2126</strong><br />(-14 for losing)\n|raw|lazatron's rating: 2250 &rarr; <strong>2264</strong><br />(+14 for winning)\n", "inputlog": ">version f8ac14003a5f27e1bdc8d8c59608a773c1cb96e5\n>start {\"formatid\":\"gen9randombattle\",\"seed\":\"sodium,a5fdeec955444ab2fcb51a2a702c761e\",\"rated\":\"Rated battle\"}\n>player p1 {\"name\":\"v5 pioz\",\"avatar\":\"265\",\"rating\":2140,\"seed\":\"sodium,f2c4d27d7d3e41734b7294e841a048dd\"}\n>player p2 {\"name\":\"lazatron\",\"avatar\":\"170\",\"rating\":2250,\"seed\":\"sodium,e65da59646e5bf1d8665d69798c0c44a\"}\n>p1 move focusblast\n>p2 switch 5\n>p1 move focusblast\n>p2 move icebeam\n>p1 move thunderbolt\n>p2 move icebeam\n>p2 switch 6\n>p1 move thunderbolt\n>p2 move earthquake\n>p1 switch 4\n>p1 move wavecrash\n>p2 switch 5\n>p1 switch 3\n>p2 move scald\n>p1 move discharge\n>p2 move scald\n>p1 move discharge\n>p2 switch 3\n>p1 move gigadrain\n>p2 move flamethrower\n>p1 move discharge\n>p2 switch 4\n>p1 move discharge\n>p2 move bugbuzz\n>p2 switch 5\n>p1 switch 3\n>p2 move gunkshot\n>p1 switch 3\n>p2 move gunkshot\n>p1 switch 3\n>p2 move trailblaze\n>p1 move rest\n>p2 switch 3\n>p1 move sleeptalk\n>p2 move recover\n>p1 move sleeptalk\n>p2 move dragontail\n>p1 switch 2\n>p2 move scald\n>p1 move curse\n>p2 move scald\n>p1 move wavecrash\n>p2 move scald\n>p1 move rest\n>p2 move scald\n>p1 move sleeptalk\n>p2 move dragontail\n>p1 switch 2\n>p2 switch 4\n>p1 switch 2\n>p2 move stealthrock\n>p1 move stealthrock\n>p2 switch 4\n>p1 switch 2\n>p2 move dragontail\n>p1 switch 2\n>p2 move dragontail\n>p1 move sleeptalk\n>p2 move dragontail\n>p1 move uturn\n>p2 move scald\n>p1 switch 6\n>p1 move rest\n>p2 move dragontail\n>p1 switch 2\n>p2 move scald\n>p1 move sleeptalk\n>p2 move dragontail\n>p1 move sleeptalk\n>p2 move dragontail\n>p1 switch 2\n>p2 move scald\n>p1 move rest\n>p2 move dragontail\n>p1 switch 2\n>p2 move dragontail\n>p1 move bugbuzz\n>p2 move scald\n>p1 move bugbuzz\n>p2 move scald\n>p1 move stickyweb\n>p2 move scald\n>p1 switch 6\n>p1 move sleeptalk\n>p2 move dragontail\n>p1 move lavaplume\n>p2 move dragontail\n>p1 switch 3\n>p1 move lavaplume\n>p2 move scald\n>p1 switch 2\n>p1 move sleeptalk\n>p2 move dragontail\n>p1 move scald\n>p2 move recover\n>p1 move scald\n>p2 move dragontail\n>p1 move rest\n>p2 switch 3\n>p1 move sleeptalk\n>p2 move gunkshot\n>p1 move sleeptalk\n>p2 move gunkshot\n>p1 move rest\n>p2 move trailblaze\n>p1 move sleeptalk\n>p2 move gunkshot\n>p1 move sleeptalk\n>p2 move gunkshot\n>p1 move rest\n>p2 move gunkshot\n>p1 move sleeptalk\n>p2 switch 3\n>p1 move sleeptalk\n>p2 move recover\n>p1 move wavecrash\n>p2 move recover\n>p1 move wavecrash\n>p2 move scald\n>p1 move curse\n>p2 move recover\n>p1 move wavecrash\n>p2 move scald\n>p1 move wavecrash\n>p2 move recover\n>p1 move rest\n>p2 move recover\n>p1 move sleeptalk\n>p2 move dragontail\n>p1 move hydropump\n>p2 move scald\n>p1 move hydropump\n>p2 move scald\n>p1 switch 5\n>p1 move sleeptalk\n>p2 switch 3\n>p1 move curse\n>p2 move gunkshot\n>p1 move curse\n>p2 move trailblaze\n>p1 move curse\n>p2 move trailblaze\n>p1 move curse\n>p2 move trailblaze\n>p1 move curse\n>p2 move trailblaze\n>p1 move curse\n>p2 move trailblaze\n>p1 move curse\n>p2 move trailblaze\n>p1 move wavecrash\n>p2 move trailblaze\n>p2 switch 4\n>p1 move curse\n>p2 move wavecrash\n>p1 move wavecrash\n>p2 move wavecrash", "uploadtime": 1782815430, "views": 4, "formatid": "gen9randombattle", "rating": 2126, "private": 0, "password": null, "player_dets": [{"name": "v5 pioz", "avatar": "265", "rating": 2140, "seed": "sodium,f2c4d27d7d3e41734b7294e841a048dd"}, {"name": "lazatron", "avatar": "170", "rating": 2250, "seed": "sodium,e65da59646e5bf1d8665d69798c0c44a"}], "teams_full": [{"Ampharos": {"name": "Ampharos", "species": "Ampharos", "speciesId": "ampharos", "gender": "M", "shiny": false, "level": 88, "moves": ["focusblast", "thunderbolt", "agility", "dazzlinggleam"], "ability": "Static", "evs": {"hp": 85, "atk": 0, "def": 85, "spa": 85, "spd": 85, "spe": 85}, "ivs": {"hp": 31, "atk": 0, "def": 31, "spa": 31, "spd": 31, "spe": 31}, "item": "Life Orb", "teraType": "Electric", "role": "Wallbreaker", "bvs": {"hp": 90, "atk": 75, "def": 85, "spa": 115, "spd": 90, "spe": 55}, "stats": {"hp": 302, "atk": 137, "def": 200, "spa": 253, "spd": 209, "spe": 147}, "types": ["Electric"]}, "Heatran": {"name": "Heatran", "species": "Heatran", "speciesId": "heatran", "gender": "F", "shiny": false, "level": 79, "moves": ["stealthrock", "earthpower", "heavyslam", "lavaplume"], "ability": "Flash Fire", "evs": {"hp": 85, "atk": 85, "def": 85, "spa": 85, "spd": 85, "spe": 85}, "ivs": {"hp": 31, "atk": 31, "def": 31, "spa": 31, "spd": 31, "spe": 31}, "item": "Air Balloon", "teraType": "Grass", "role": "Bulky Support", "bvs": {"hp": 91, "atk": 90, "def": 106, "spa": 130, "spd": 106, "spe": 77}, "stats": {"hp": 273, "atk": 188, "def": 213, "spa": 251, "spd": 213, "spe": 167}, "types": ["Fire", "Steel"]}, "Eelektross": {"name": "Eelektross", "species": "Eelektross", "speciesId": "eelektross", "gender": "F", "shiny": false, "level": 87, "moves": ["flamethrower", "discharge", "uturn", "gigadrain"], "ability": "Levitate", "evs": {"hp": 85, "atk": 85, "def": 85, "spa": 85, "spd": 85, "spe": 85}, "ivs": {"hp": 31, "atk": 31, "def": 31, "spa": 31, "spd": 31, "spe": 31}, "item": "Assault Vest", "teraType": "Poison", "role": "AV Pivot", "bvs": {"hp": 85, "atk": 115, "def": 80, "spa": 105, "spd": 80, "spe": 50}, "stats": {"hp": 290, "atk": 250, "def": 189, "spa": 232, "spd": 189, "spe": 137}, "types": ["Electric"]}, "Dondozo": {"name": "Dondozo", "species": "Dondozo", "speciesId": "dondozo", "gender": "F", "shiny": false, "level": 78, "moves": ["sleeptalk", "rest", "wavecrash", "curse"], "ability": "Unaware", "evs": {"hp": 85, "atk": 85, "def": 85, "spa": 85, "spd": 85, "spe": 85}, "ivs": {"hp": 31, "atk": 31, "def": 31, "spa": 31, "spd": 31, "spe": 31}, "item": "Leftovers", "teraType": "Fairy", "role": "Bulky Setup", "bvs": {"hp": 150, "atk": 100, "def": 115, "spa": 65, "spd": 65, "spe": 35}, "stats": {"hp": 362, "atk": 201, "def": 224, "spa": 146, "spd": 146, "spe": 100}, "types": ["Water"]}, "Inteleon": {"name": "Inteleon", "species": "Inteleon", "speciesId": "inteleon", "gender": "M", "shiny": false, "level": 81, "moves": ["uturn", "scald", "hydropump", "icebeam"], "ability": "Torrent", "evs": {"hp": 85, "atk": 85, "def": 85, "spa": 85, "spd": 85, "spe": 85}, "ivs": {"hp": 31, "atk": 31, "def": 31, "spa": 31, "spd": 31, "spe": 31}, "item": "Choice Specs", "teraType": "Water", "role": "Wallbreaker", "bvs": {"hp": 70, "atk": 85, "def": 65, "spa": 125, "spd": 65, "spe": 120}, "stats": {"hp": 246, "atk": 184, "def": 152, "spa": 249, "spd": 152, "spe": 241}, "types": ["Water"]}, "Ribombee": {"name": "Ribombee", "species": "Ribombee", "speciesId": "ribombee", "gender": "F", "shiny": false, "level": 83, "moves": ["uturn", "stickyweb", "bugbuzz", "moonblast"], "ability": "Shield Dust", "evs": {"hp": 85, "atk": 85, "def": 85, "spa": 85, "spd": 85, "spe": 85}, "ivs": {"hp": 31, "atk": 31, "def": 31, "spa": 31, "spd": 31, "spe": 31}, "item": "Heavy-Duty Boots", "teraType": "Ghost", "role": "Fast Support", "bvs": {"hp": 60, "atk": 55, "def": 60, "spa": 95, "spd": 70, "spe": 124}, "stats": {"hp": 235, "atk": 139, "def": 147, "spa": 205, "spd": 164, "spe": 254}, "types": ["Bug", "Fairy"]}}, {"Milotic": {"name": "Milotic", "species": "Milotic", "speciesId": "milotic", "gender": "M", "shiny": false, "level": 83, "moves": ["scald", "icebeam", "dragontail", "recover"], "ability": "Competitive", "evs": {"hp": 85, "atk": 85, "def": 85, "spa": 85, "spd": 85, "spe": 85}, "ivs": {"hp": 31, "atk": 31, "def": 31, "spa": 31, "spd": 31, "spe": 31}, "item": "Leftovers", "teraType": "Steel", "role": "Bulky Attacker", "bvs": {"hp": 95, "atk": 60, "def": 79, "spa": 100, "spd": 125, "spe": 81}, "stats": {"hp": 293, "atk": 147, "def": 179, "spa": 214, "spd": 255, "spe": 182}, "types": ["Water"]}, "Cloyster": {"name": "Cloyster", "species": "Cloyster", "speciesId": "cloyster", "gender": "F", "shiny": false, "level": 80, "moves": ["iciclespear", "shellsmash", "rockblast", "hydropump"], "ability": "Skill Link", "evs": {"hp": 85, "atk": 85, "def": 85, "spa": 85, "spd": 85, "spe": 85}, "ivs": {"hp": 31, "atk": 31, "def": 31, "spa": 31, "spd": 31, "spe": 31}, "item": "White Herb", "teraType": "Ice", "role": "Setup Sweeper", "bvs": {"hp": 50, "atk": 95, "def": 180, "spa": 85, "spd": 45, "spe": 70}, "stats": {"hp": 211, "atk": 198, "def": 334, "spa": 182, "spd": 118, "spe": 158}, "types": ["Water", "Ice"]}, "Ditto": {"name": "Ditto", "species": "Ditto", "speciesId": "ditto", "gender": "N", "shiny": false, "level": 87, "moves": ["transform"], "ability": "Imposter", "evs": {"hp": 85, "atk": 85, "def": 85, "spa": 85, "spd": 85, "spe": 85}, "ivs": {"hp": 31, "atk": 31, "def": 31, "spa": 31, "spd": 31, "spe": 31}, "item": "Choice Scarf", "teraType": "Steel", "role": "Fast Support", "bvs": {"hp": 48, "atk": 48, "def": 48, "spa": 48, "spd": 48, "spe": 48}, "stats": {"hp": 225, "atk": 133, "def": 133, "spa": 133, "spd": 133, "spe": 133}, "types": ["Normal"]}, "Masquerain": {"name": "Masquerain", "species": "Masquerain", "speciesId": "masquerain", "gender": "M", "shiny": false, "level": 87, "moves": ["hurricane", "bugbuzz", "quiverdance", "hydropump"], "ability": "Intimidate", "evs": {"hp": 85, "atk": 0, "def": 85, "spa": 85, "spd": 85, "spe": 85}, "ivs": {"hp": 31, "atk": 0, "def": 31, "spa": 31, "spd": 31, "spe": 31}, "item": "Heavy-Duty Boots", "teraType": "Water", "role": "Setup Sweeper", "bvs": {"hp": 70, "atk": 60, "def": 62, "spa": 100, "spd": 82, "spe": 80}, "stats": {"hp": 264, "atk": 109, "def": 158, "spa": 224, "spd": 192, "spe": 189}, "types": ["Bug", "Flying"]}, "Regice": {"name": "Regice", "species": "Regice", "speciesId": "regice", "gender": "N", "shiny": false, "level": 88, "moves": ["bodypress", "icebeam", "thunderwave", "thunderbolt"], "ability": "Clear Body", "evs": {"hp": 85, "atk": 0, "def": 85, "spa": 85, "spd": 85, "spe": 85}, "ivs": {"hp": 31, "atk": 0, "def": 31, "spa": 31, "spd": 31, "spe": 31}, "item": "Heavy-Duty Boots", "teraType": "Electric", "role": "Bulky Attacker", "bvs": {"hp": 80, "atk": 50, "def": 100, "spa": 100, "spd": 200, "spe": 50}, "stats": {"hp": 284, "atk": 93, "def": 226, "spa": 226, "spd": 402, "spe": 138}, "types": ["Ice"]}, "Seviper": {"name": "Seviper", "species": "Seviper", "speciesId": "seviper", "gender": "M", "shiny": false, "level": 93, "moves": ["gunkshot", "trailblaze", "earthquake", "swordsdance"], "ability": "Shed Skin", "evs": {"hp": 85, "atk": 85, "def": 85, "spa": 85, "spd": 85, "spe": 85}, "ivs": {"hp": 31, "atk": 31, "def": 31, "spa": 31, "spd": 31, "spe": 31}, "item": "Leftovers", "teraType": "Ground", "role": "Bulky Setup", "bvs": {"hp": 73, "atk": 100, "def": 60, "spa": 100, "spd": 60, "spe": 65}, "stats": {"hp": 287, "atk": 239, "def": 164, "spa": 239, "spd": 164, "spe": 174}, "types": ["Poison"]}}]}