{"id": "gen9randombattle-2641203872", "format": "[Gen 9] Random Battle", "players": ["cozaron", "notmetbh102"], "log": "|badge|p2|bronze|gen9randombattle|100-9\n|html|<div class=\"broadcast-red\"><strong>This battle is required to be public due to one or more player having a season medal.</strong><br />During the public phase, you can discuss the state of the ladder <a href=\"/seasondiscussion\">in a special chatroom.</a></div>\n|uhtml|medal-msg|<div class=\"broadcast-blue\">Curious what those medals under the avatar are? PS now has Ladder Seasons! For more information, check out the <a href=\"https://www.smogon.com/forums/threads/3740067/\">thread on Smogon.</a></div>\n|raw|<div class=\"broadcast-blue\"><strong>This battle is required to be public due to a player having a name starting with 'medal'.</div>\n|j|\u2606cozaron\n|j|\u2606notmetbh102\n|inactive|Battle timer is ON: inactive players will automatically lose when time's up. (requested by notmetbh102)\n|t:|1782753301\n|gametype|singles\n|player|p1|cozaron|blue-gen3|2252\n|player|p2|notmetbh102|2|2302\n|gen|9\n|tier|[Gen 9] Random Battle\n|rated|\n|rule|Species Clause: Limit one of each Pok\u00e9mon\n|rule|HP Percentage Mod: HP is shown in percentages\n|rule|Sleep Clause Mod: Limit one foe put to sleep\n|rule|Illusion Level Mod: Illusion disguises the Pok\u00e9mon's true level\n|\n|t:|1782753301\n|teamsize|p1|6\n|teamsize|p2|6\n|start\n|switch|p1a: Hatterene|Hatterene, L85, F|236/236\n|switch|p2a: Grumpig|Grumpig, L92, M|297/297\n|turn|1\n|c|\u2606notmetbh102|hf\n|c|\u2606cozaron|hf\n|\n|t:|1782753314\n|move|p2a: Grumpig|Nasty Plot|p2a: Grumpig\n|-boost|p2a: Grumpig|spa|2\n|move|p1a: Hatterene|Nuzzle|p2a: Grumpig\n|-damage|p2a: Grumpig|280/297\n|-status|p2a: Grumpig|par\n|\n|-heal|p2a: Grumpig|297/297 par|[from] item: Leftovers\n|upkeep\n|turn|2\n|\n|t:|1782753333\n|move|p2a: Grumpig|Shadow Ball|p1a: Hatterene\n|-supereffective|p1a: Hatterene\n|-damage|p1a: Hatterene|94/236\n|move|p1a: Hatterene|Mystical Fire|p2a: Grumpig\n|-damage|p2a: Grumpig|266/297 par\n|-unboost|p2a: Grumpig|spa|1\n|\n|-heal|p2a: Grumpig|284/297 par|[from] item: Leftovers\n|upkeep\n|turn|3\n|\n|t:|1782753337\n|cant|p2a: Grumpig|par\n|move|p1a: Hatterene|Draining Kiss|p2a: Grumpig\n|-damage|p2a: Grumpig|229/297 par\n|-heal|p1a: Hatterene|135/236|[from] drain|[of] p2a: Grumpig\n|\n|-heal|p2a: Grumpig|247/297 par|[from] item: Leftovers\n|upkeep\n|turn|4\n|\n|t:|1782753344\n|switch|p1a: Persian|Persian-Alola, L86, M|252/252\n|move|p2a: Grumpig|Shadow Ball|p1a: Persian\n|-resisted|p1a: Persian\n|-damage|p1a: Persian|191/252\n|-unboost|p1a: Persian|spd|1\n|\n|-heal|p2a: Grumpig|265/297 par|[from] item: Leftovers\n|upkeep\n|turn|5\n|\n|t:|1782753346\n|move|p1a: Persian|Dark Pulse|p2a: Grumpig\n|-supereffective|p2a: Grumpig\n|-crit|p2a: Grumpig\n|-damage|p2a: Grumpig|39/297 par\n|-damage|p1a: Persian|166/252|[from] item: Life Orb\n|move|p2a: Grumpig|Focus Blast|p1a: Persian|[miss]\n|-miss|p2a: Grumpig|p1a: Persian\n|\n|-heal|p2a: Grumpig|57/297 par|[from] item: Leftovers\n|upkeep\n|turn|6\n|\n|t:|1782753348\n|move|p1a: Persian|Dark Pulse|p2a: Grumpig\n|-supereffective|p2a: Grumpig\n|-damage|p2a: Grumpig|0 fnt\n|faint|p2a: Grumpig\n|-damage|p1a: Persian|141/252|[from] item: Life Orb\n|\n|upkeep\n|\n|t:|1782753349\n|switch|p2a: Dragalge|Dragalge, L88, M|258/258\n|turn|7\n|\n|t:|1782753357\n|move|p1a: Persian|Dark Pulse|p2a: Dragalge\n|-damage|p2a: Dragalge|207/258\n|-damage|p1a: Persian|116/252|[from] item: Life Orb\n|cant|p2a: Dragalge|flinch\n|\n|upkeep\n|turn|8\n|\n|t:|1782753360\n|move|p1a: Persian|Dark Pulse|p2a: Dragalge\n|-damage|p2a: Dragalge|163/258\n|-damage|p1a: Persian|91/252|[from] item: Life Orb\n|cant|p2a: Dragalge|flinch\n|\n|upkeep\n|turn|9\n|\n|t:|1782753364\n|move|p1a: Persian|Dark Pulse|p2a: Dragalge\n|-damage|p2a: Dragalge|116/258\n|-damage|p1a: Persian|66/252|[from] item: Life Orb\n|move|p2a: Dragalge|Draco Meteor|p1a: Persian|[miss]\n|-miss|p2a: Dragalge|p1a: Persian\n|\n|upkeep\n|turn|10\n|\n|t:|1782753367\n|move|p1a: Persian|Dark Pulse|p2a: Dragalge\n|-damage|p2a: Dragalge|68/258\n|-damage|p1a: Persian|41/252|[from] item: Life Orb\n|move|p2a: Dragalge|Sludge Wave|p1a: Persian\n|-damage|p1a: Persian|0 fnt\n|faint|p1a: Persian\n|\n|upkeep\n|\n|t:|1782753379\n|switch|p1a: Frosmoth|Frosmoth, L82, M|249/249\n|turn|11\n|\n|t:|1782753380\n|switch|p2a: Zamazenta|Zamazenta-Crowned, L68|238/238\n|-ability|p2a: Zamazenta|Dauntless Shield|boost\n|-boost|p2a: Zamazenta|def|1\n|move|p1a: Frosmoth|Ice Beam|p2a: Zamazenta\n|-resisted|p2a: Zamazenta\n|-damage|p2a: Zamazenta|194/238\n|-status|p2a: Zamazenta|frz\n|\n|upkeep\n|turn|12\n|\n|t:|1782753386\n|switch|p1a: Conkeldurr|Conkeldurr, L80, M|299/299\n|cant|p2a: Zamazenta|frz\n|\n|-status|p1a: Conkeldurr|brn|[from] item: Flame Orb\n|upkeep\n|turn|13\n|\n|t:|1782753388\n|switch|p2a: Charizard|Charizard, L85, M|271/271\n|move|p1a: Conkeldurr|Close Combat|p2a: Charizard\n|-resisted|p2a: Charizard\n|-crit|p2a: Charizard\n|-damage|p2a: Charizard|64/271\n|-unboost|p1a: Conkeldurr|def|1\n|-unboost|p1a: Conkeldurr|spd|1\n|\n|-damage|p1a: Conkeldurr|281/299 brn|[from] brn\n|upkeep\n|turn|14\n|\n|t:|1782753395\n|switch|p1a: Hatterene|Hatterene, L85, F|135/236\n|move|p2a: Charizard|Flamethrower|p1a: Hatterene\n|-damage|p1a: Hatterene|45/236\n|\n|upkeep\n|turn|15\n|\n|t:|1782753398\n|move|p2a: Charizard|Hurricane|p1a: Hatterene|[miss]\n|-miss|p2a: Charizard|p1a: Hatterene\n|move|p1a: Hatterene|Psychic Noise|p2a: Charizard\n|-damage|p2a: Charizard|0 fnt\n|faint|p2a: Charizard\n|\n|upkeep\n|\n|t:|1782753399\n|switch|p2a: Espeon|Espeon, L84, M|246/246\n|turn|16\n|\n|t:|1782753401\n|move|p2a: Espeon|Psyshock|p1a: Hatterene\n|-resisted|p1a: Hatterene\n|-damage|p1a: Hatterene|0 fnt\n|faint|p1a: Hatterene\n|-damage|p2a: Espeon|222/246|[from] item: Life Orb\n|\n|upkeep\n|\n|t:|1782753408\n|switch|p1a: Deoxys|Deoxys-Attack, L72|191/191\n|-ability|p1a: Deoxys|Pressure\n|turn|17\n|\n|t:|1782753409\n|switch|p2a: Zamazenta|Zamazenta-Crowned, L68|194/238 frz\n|move|p1a: Deoxys|Knock Off|p2a: Zamazenta\n|-resisted|p2a: Zamazenta\n|-damage|p2a: Zamazenta|164/238 frz\n|-damage|p1a: Deoxys|172/191|[from] item: Life Orb\n|\n|upkeep\n|turn|18\n|\n|t:|1782753415\n|switch|p2a: Dragalge|Dragalge, L88, M|68/258\n|move|p1a: Deoxys|Superpower|p2a: Dragalge\n|-resisted|p2a: Dragalge\n|-damage|p2a: Dragalge|0 fnt\n|-unboost|p1a: Deoxys|atk|1\n|-unboost|p1a: Deoxys|def|1\n|faint|p2a: Dragalge\n|-damage|p1a: Deoxys|153/191|[from] item: Life Orb\n|\n|upkeep\n|\n|t:|1782753415\n|switch|p2a: Umbreon|Umbreon, L84, F|297/297\n|turn|19\n|\n|t:|1782753419\n|switch|p1a: Conkeldurr|Conkeldurr, L80, M|281/299 brn\n|move|p2a: Umbreon|Foul Play|p1a: Conkeldurr\n|-resisted|p1a: Conkeldurr\n|-damage|p1a: Conkeldurr|221/299 brn\n|\n|-damage|p1a: Conkeldurr|203/299 brn|[from] brn\n|upkeep\n|turn|20\n|\n|t:|1782753421\n|move|p2a: Umbreon|Protect|p2a: Umbreon\n|-singleturn|p2a: Umbreon|Protect\n|move|p1a: Conkeldurr|Close Combat|p2a: Umbreon\n|-activate|p2a: Umbreon|move: Protect\n|\n|-damage|p1a: Conkeldurr|185/299 brn|[from] brn\n|upkeep\n|turn|21\n|\n|t:|1782753422\n|switch|p2a: Zamazenta|Zamazenta-Crowned, L68|164/238 frz\n|move|p1a: Conkeldurr|Close Combat|p2a: Zamazenta\n|-supereffective|p2a: Zamazenta\n|-damage|p2a: Zamazenta|0 fnt\n|-unboost|p1a: Conkeldurr|def|1\n|-unboost|p1a: Conkeldurr|spd|1\n|faint|p2a: Zamazenta\n|\n|-damage|p1a: Conkeldurr|167/299 brn|[from] brn\n|upkeep\n|\n|t:|1782753423\n|switch|p2a: Umbreon|Umbreon, L84, F|297/297\n|turn|22\n|\n|t:|1782753426\n|-terastallize|p2a: Umbreon|Poison\n|move|p2a: Umbreon|Foul Play|p1a: Conkeldurr\n|-resisted|p1a: Conkeldurr\n|-damage|p1a: Conkeldurr|71/299 brn\n|move|p1a: Conkeldurr|Close Combat|p2a: Umbreon\n|-resisted|p2a: Umbreon\n|-damage|p2a: Umbreon|192/297\n|-unboost|p1a: Conkeldurr|def|1\n|-unboost|p1a: Conkeldurr|spd|1\n|\n|-heal|p2a: Umbreon|210/297|[from] item: Leftovers\n|-damage|p1a: Conkeldurr|53/299 brn|[from] brn\n|upkeep\n|turn|23\n|\n|t:|1782753430\n|move|p2a: Umbreon|Foul Play|p1a: Conkeldurr\n|-resisted|p1a: Conkeldurr\n|-damage|p1a: Conkeldurr|0 fnt\n|faint|p1a: Conkeldurr\n|\n|-heal|p2a: Umbreon|228/297|[from] item: Leftovers\n|upkeep\n|\n|t:|1782753434\n|switch|p1a: Scovillain|Scovillain, L91, M|266/266\n|turn|24\n|\n|t:|1782753436\n|move|p2a: Umbreon|Protect|p2a: Umbreon\n|-singleturn|p2a: Umbreon|Protect\n|move|p1a: Scovillain|Substitute|p1a: Scovillain\n|-start|p1a: Scovillain|Substitute\n|-damage|p1a: Scovillain|200/266\n|\n|-heal|p1a: Scovillain|216/266|[from] item: Leftovers\n|-heal|p2a: Umbreon|246/297|[from] item: Leftovers\n|upkeep\n|turn|25\n|\n|t:|1782753438\n|move|p1a: Scovillain|Protect|p1a: Scovillain\n|-singleturn|p1a: Scovillain|Protect\n|move|p2a: Umbreon|Foul Play|p1a: Scovillain\n|-activate|p1a: Scovillain|move: Protect\n|\n|-heal|p1a: Scovillain|232/266|[from] item: Leftovers\n|-heal|p2a: Umbreon|264/297|[from] item: Leftovers\n|upkeep\n|turn|26\n|\n|t:|1782753439\n|move|p2a: Umbreon|Protect|p2a: Umbreon\n|-singleturn|p2a: Umbreon|Protect\n|move|p1a: Scovillain|Leech Seed|p2a: Umbreon\n|-activate|p2a: Umbreon|move: Protect\n|\n|-heal|p1a: Scovillain|248/266|[from] item: Leftovers\n|-heal|p2a: Umbreon|282/297|[from] item: Leftovers\n|upkeep\n|turn|27\n|\n|t:|1782753441\n|move|p1a: Scovillain|Leech Seed|p2a: Umbreon\n|-start|p2a: Umbreon|move: Leech Seed\n|move|p2a: Umbreon|Foul Play|p1a: Scovillain\n|-end|p1a: Scovillain|Substitute\n|\n|-heal|p1a: Scovillain|264/266|[from] item: Leftovers\n|-heal|p2a: Umbreon|297/297|[from] item: Leftovers\n|-damage|p2a: Umbreon|260/297|[from] Leech Seed|[of] p1a: Scovillain\n|-heal|p1a: Scovillain|266/266|[silent]\n|upkeep\n|turn|28\n|\n|t:|1782753443\n|move|p1a: Scovillain|Substitute|p1a: Scovillain\n|-start|p1a: Scovillain|Substitute\n|-damage|p1a: Scovillain|200/266\n|move|p2a: Umbreon|Toxic||[still]\n|-fail|p2a: Umbreon\n|\n|-heal|p1a: Scovillain|216/266|[from] item: Leftovers\n|-heal|p2a: Umbreon|278/297|[from] item: Leftovers\n|-damage|p2a: Umbreon|241/297|[from] Leech Seed|[of] p1a: Scovillain\n|-heal|p1a: Scovillain|253/266|[silent]\n|upkeep\n|turn|29\n|\n|t:|1782753445\n|switch|p2a: Espeon|Espeon, L84, M|222/246\n|move|p1a: Scovillain|Flamethrower|p2a: Espeon\n|-damage|p2a: Espeon|113/246\n|-status|p2a: Espeon|brn\n|\n|-heal|p1a: Scovillain|266/266|[from] item: Leftovers\n|-damage|p2a: Espeon|98/246 brn|[from] brn\n|upkeep\n|turn|30\n|\n|t:|1782753447\n|move|p2a: Espeon|Morning Sun|p2a: Espeon\n|-heal|p2a: Espeon|221/246 brn\n|move|p1a: Scovillain|Flamethrower|p2a: Espeon\n|-damage|p2a: Espeon|113/246 brn\n|\n|-damage|p2a: Espeon|98/246 brn|[from] brn\n|upkeep\n|turn|31\n|\n|t:|1782753450\n|move|p2a: Espeon|Morning Sun|p2a: Espeon\n|-heal|p2a: Espeon|221/246 brn\n|move|p1a: Scovillain|Flamethrower|p2a: Espeon\n|-damage|p2a: Espeon|110/246 brn\n|\n|-damage|p2a: Espeon|95/246 brn|[from] brn\n|upkeep\n|turn|32\n|\n|t:|1782753451\n|move|p2a: Espeon|Morning Sun|p2a: Espeon\n|-heal|p2a: Espeon|218/246 brn\n|move|p1a: Scovillain|Flamethrower|p2a: Espeon\n|-damage|p2a: Espeon|100/246 brn\n|\n|-damage|p2a: Espeon|85/246 brn|[from] brn\n|upkeep\n|turn|33\n|\n|t:|1782753452\n|move|p2a: Espeon|Morning Sun|p2a: Espeon\n|-heal|p2a: Espeon|208/246 brn\n|move|p1a: Scovillain|Flamethrower|p2a: Espeon\n|-damage|p2a: Espeon|91/246 brn\n|\n|-damage|p2a: Espeon|76/246 brn|[from] brn\n|upkeep\n|turn|34\n|\n|t:|1782753453\n|move|p2a: Espeon|Morning Sun|p2a: Espeon\n|-heal|p2a: Espeon|199/246 brn\n|move|p1a: Scovillain|Flamethrower|p2a: Espeon\n|-damage|p2a: Espeon|78/246 brn\n|\n|-damage|p2a: Espeon|63/246 brn|[from] brn\n|upkeep\n|turn|35\n|\n|t:|1782753454\n|move|p2a: Espeon|Morning Sun|p2a: Espeon\n|-heal|p2a: Espeon|186/246 brn\n|move|p1a: Scovillain|Flamethrower|p2a: Espeon\n|-damage|p2a: Espeon|66/246 brn\n|\n|-damage|p2a: Espeon|51/246 brn|[from] brn\n|upkeep\n|turn|36\n|\n|t:|1782753455\n|move|p2a: Espeon|Morning Sun|p2a: Espeon\n|-heal|p2a: Espeon|174/246 brn\n|move|p1a: Scovillain|Flamethrower|p2a: Espeon\n|-damage|p2a: Espeon|56/246 brn\n|\n|-damage|p2a: Espeon|41/246 brn|[from] brn\n|upkeep\n|turn|37\n|\n|t:|1782753455\n|move|p2a: Espeon|Morning Sun|p2a: Espeon\n|-heal|p2a: Espeon|164/246 brn\n|move|p1a: Scovillain|Flamethrower|p2a: Espeon\n|-damage|p2a: Espeon|50/246 brn\n|\n|-damage|p2a: Espeon|35/246 brn|[from] brn\n|upkeep\n|turn|38\n|\n|t:|1782753456\n|switch|p2a: Umbreon|Umbreon, L84, F, tera:Poison|241/297\n|move|p1a: Scovillain|Flamethrower|p2a: Umbreon\n|-damage|p2a: Umbreon|147/297\n|\n|-heal|p2a: Umbreon|165/297|[from] item: Leftovers\n|upkeep\n|turn|39\n|\n|t:|1782753459\n|move|p2a: Umbreon|Protect|p2a: Umbreon\n|-singleturn|p2a: Umbreon|Protect\n|move|p1a: Scovillain|Leech Seed|p2a: Umbreon\n|-activate|p2a: Umbreon|move: Protect\n|\n|-heal|p2a: Umbreon|183/297|[from] item: Leftovers\n|upkeep\n|turn|40\n|\n|t:|1782753460\n|move|p1a: Scovillain|Leech Seed|p2a: Umbreon\n|-start|p2a: Umbreon|move: Leech Seed\n|move|p2a: Umbreon|Wish|p2a: Umbreon\n|\n|-heal|p2a: Umbreon|201/297|[from] item: Leftovers\n|-damage|p2a: Umbreon|164/297|[from] Leech Seed|[of] p1a: Scovillain\n|upkeep\n|turn|41\n|\n|t:|1782753463\n|move|p2a: Umbreon|Protect|p2a: Umbreon\n|-singleturn|p2a: Umbreon|Protect\n|move|p1a: Scovillain|Flamethrower|p2a: Umbreon\n|-activate|p2a: Umbreon|move: Protect\n|\n|-heal|p2a: Umbreon|297/297|[from] move: Wish|[wisher] Umbreon\n|-damage|p2a: Umbreon|260/297|[from] Leech Seed|[of] p1a: Scovillain\n|upkeep\n|turn|42\n|\n|t:|1782753465\n|move|p1a: Scovillain|Flamethrower|p2a: Umbreon\n|-damage|p2a: Umbreon|169/297\n|-status|p2a: Umbreon|brn\n|-activate|p2a: Umbreon|ability: Synchronize\n|-immune|p1a: Scovillain\n|move|p2a: Umbreon|Wish|p2a: Umbreon\n|\n|-heal|p2a: Umbreon|187/297 brn|[from] item: Leftovers\n|-damage|p2a: Umbreon|150/297 brn|[from] Leech Seed|[of] p1a: Scovillain\n|-damage|p2a: Umbreon|132/297 brn|[from] brn\n|upkeep\n|turn|43\n|\n|t:|1782753469\n|move|p2a: Umbreon|Protect|p2a: Umbreon\n|-singleturn|p2a: Umbreon|Protect\n|move|p1a: Scovillain|Flamethrower|p2a: Umbreon\n|-activate|p2a: Umbreon|move: Protect\n|\n|-heal|p2a: Umbreon|280/297 brn|[from] move: Wish|[wisher] Umbreon\n|-heal|p2a: Umbreon|297/297 brn|[from] item: Leftovers\n|-damage|p2a: Umbreon|260/297 brn|[from] Leech Seed|[of] p1a: Scovillain\n|-damage|p2a: Umbreon|242/297 brn|[from] brn\n|upkeep\n|turn|44\n|\n|t:|1782753472\n|move|p1a: Scovillain|Flamethrower|p2a: Umbreon\n|-damage|p2a: Umbreon|154/297 brn\n|move|p2a: Umbreon|Wish|p2a: Umbreon\n|\n|-heal|p2a: Umbreon|172/297 brn|[from] item: Leftovers\n|-damage|p2a: Umbreon|135/297 brn|[from] Leech Seed|[of] p1a: Scovillain\n|-damage|p2a: Umbreon|117/297 brn|[from] brn\n|upkeep\n|turn|45\n|\n|t:|1782753473\n|move|p1a: Scovillain|Protect|p1a: Scovillain\n|-singleturn|p1a: Scovillain|Protect\n|move|p2a: Umbreon|Protect||[still]\n|-fail|p2a: Umbreon\n|\n|-heal|p2a: Umbreon|265/297 brn|[from] move: Wish|[wisher] Umbreon\n|-heal|p2a: Umbreon|283/297 brn|[from] item: Leftovers\n|-damage|p2a: Umbreon|246/297 brn|[from] Leech Seed|[of] p1a: Scovillain\n|-damage|p2a: Umbreon|228/297 brn|[from] brn\n|upkeep\n|turn|46\n|\n|t:|1782753475\n|move|p1a: Scovillain|Flamethrower|p2a: Umbreon\n|-damage|p2a: Umbreon|131/297 brn\n|move|p2a: Umbreon|Wish|p2a: Umbreon\n|\n|-heal|p2a: Umbreon|149/297 brn|[from] item: Leftovers\n|-damage|p2a: Umbreon|112/297 brn|[from] Leech Seed|[of] p1a: Scovillain\n|-damage|p2a: Umbreon|94/297 brn|[from] brn\n|upkeep\n|turn|47\n|\n|t:|1782753477\n|move|p1a: Scovillain|Protect|p1a: Scovillain\n|-singleturn|p1a: Scovillain|Protect\n|move|p2a: Umbreon|Protect||[still]\n|-fail|p2a: Umbreon\n|\n|-heal|p2a: Umbreon|242/297 brn|[from] move: Wish|[wisher] Umbreon\n|-heal|p2a: Umbreon|260/297 brn|[from] item: Leftovers\n|-damage|p2a: Umbreon|223/297 brn|[from] Leech Seed|[of] p1a: Scovillain\n|-damage|p2a: Umbreon|205/297 brn|[from] brn\n|upkeep\n|turn|48\n|\n|t:|1782753478\n|move|p1a: Scovillain|Flamethrower|p2a: Umbreon\n|-damage|p2a: Umbreon|123/297 brn\n|move|p2a: Umbreon|Wish|p2a: Umbreon\n|\n|-heal|p2a: Umbreon|141/297 brn|[from] item: Leftovers\n|-damage|p2a: Umbreon|104/297 brn|[from] Leech Seed|[of] p1a: Scovillain\n|-damage|p2a: Umbreon|86/297 brn|[from] brn\n|upkeep\n|turn|49\n|\n|t:|1782753479\n|move|p1a: Scovillain|Protect|p1a: Scovillain\n|-singleturn|p1a: Scovillain|Protect\n|move|p2a: Umbreon|Protect||[still]\n|-fail|p2a: Umbreon\n|\n|-heal|p2a: Umbreon|234/297 brn|[from] move: Wish|[wisher] Umbreon\n|-heal|p2a: Umbreon|252/297 brn|[from] item: Leftovers\n|-damage|p2a: Umbreon|215/297 brn|[from] Leech Seed|[of] p1a: Scovillain\n|-damage|p2a: Umbreon|197/297 brn|[from] brn\n|upkeep\n|turn|50\n|\n|t:|1782753480\n|move|p1a: Scovillain|Flamethrower|p2a: Umbreon\n|-damage|p2a: Umbreon|103/297 brn\n|move|p2a: Umbreon|Wish|p2a: Umbreon\n|\n|-heal|p2a: Umbreon|121/297 brn|[from] item: Leftovers\n|-damage|p2a: Umbreon|84/297 brn|[from] Leech Seed|[of] p1a: Scovillain\n|-damage|p2a: Umbreon|66/297 brn|[from] brn\n|upkeep\n|turn|51\n|\n|t:|1782753481\n|move|p1a: Scovillain|Protect|p1a: Scovillain\n|-singleturn|p1a: Scovillain|Protect\n|move|p2a: Umbreon|Protect||[still]\n|-fail|p2a: Umbreon\n|\n|-heal|p2a: Umbreon|214/297 brn|[from] move: Wish|[wisher] Umbreon\n|-heal|p2a: Umbreon|232/297 brn|[from] item: Leftovers\n|-damage|p2a: Umbreon|195/297 brn|[from] Leech Seed|[of] p1a: Scovillain\n|-damage|p2a: Umbreon|177/297 brn|[from] brn\n|upkeep\n|turn|52\n|\n|t:|1782753482\n|move|p2a: Umbreon|Protect|p2a: Umbreon\n|-singleturn|p2a: Umbreon|Protect\n|move|p1a: Scovillain|Flamethrower|p2a: Umbreon\n|-activate|p2a: Umbreon|move: Protect\n|\n|-heal|p2a: Umbreon|195/297 brn|[from] item: Leftovers\n|-damage|p2a: Umbreon|158/297 brn|[from] Leech Seed|[of] p1a: Scovillain\n|-damage|p2a: Umbreon|140/297 brn|[from] brn\n|upkeep\n|turn|53\n|\n|t:|1782753491\n|switch|p2a: Espeon|Espeon, L84, M|35/246 brn\n|move|p1a: Scovillain|Protect||[still]\n|-fail|p1a: Scovillain\n|\n|-damage|p2a: Espeon|20/246 brn|[from] brn\n|upkeep\n|turn|54\n|\n|t:|1782753492\n|switch|p2a: Umbreon|Umbreon, L84, F, tera:Poison|140/297 brn\n|move|p1a: Scovillain|Flamethrower|p2a: Umbreon\n|-damage|p2a: Umbreon|53/297 brn\n|\n|-heal|p2a: Umbreon|71/297 brn|[from] item: Leftovers\n|-damage|p2a: Umbreon|53/297 brn|[from] brn\n|upkeep\n|turn|55\n|\n|t:|1782753495\n|switch|p2a: Espeon|Espeon, L84, M|20/246 brn\n|move|p1a: Scovillain|Flamethrower|p2a: Espeon\n|-damage|p2a: Espeon|0 fnt\n|faint|p2a: Espeon\n|\n|upkeep\n|\n|t:|1782753496\n|switch|p2a: Umbreon|Umbreon, L84, F, tera:Poison|53/297 brn\n|turn|56\n|\n|t:|1782753497\n|move|p2a: Umbreon|Protect|p2a: Umbreon\n|-singleturn|p2a: Umbreon|Protect\n|move|p1a: Scovillain|Flamethrower|p2a: Umbreon\n|-activate|p2a: Umbreon|move: Protect\n|\n|-heal|p2a: Umbreon|71/297 brn|[from] item: Leftovers\n|-damage|p2a: Umbreon|53/297 brn|[from] brn\n|upkeep\n|turn|57\n|\n|t:|1782753499\n|move|p2a: Umbreon|Protect|p2a: Umbreon\n|-singleturn|p2a: Umbreon|Protect\n|move|p1a: Scovillain|Flamethrower|p2a: Umbreon\n|-activate|p2a: Umbreon|move: Protect\n|\n|-heal|p2a: Umbreon|71/297 brn|[from] item: Leftovers\n|-damage|p2a: Umbreon|53/297 brn|[from] brn\n|upkeep\n|turn|58\n|\n|t:|1782753500\n|move|p2a: Umbreon|Protect||[still]\n|-fail|p2a: Umbreon\n|move|p1a: Scovillain|Flamethrower|p2a: Umbreon\n|-damage|p2a: Umbreon|0 fnt\n|faint|p2a: Umbreon\n|\n|win|cozaron\n|raw|cozaron's rating: 2252 &rarr; <strong>2275</strong><br />(+23 for winning)\n|raw|notmetbh102's rating: 2302 &rarr; <strong>2279</strong><br />(-23 for losing)\n|c|\u2606notmetbh102|gg\n", "inputlog": ">version f8ac14003a5f27e1bdc8d8c59608a773c1cb96e5\n>start {\"formatid\":\"gen9randombattle\",\"seed\":\"sodium,6af33ff8b46ba1b72dd1981c3b8bd773\",\"rated\":\"Rated battle\"}\n>player p1 {\"name\":\"cozaron\",\"avatar\":\"blue-gen3\",\"rating\":2252,\"seed\":\"sodium,844325317bbaf0c6f62ed7c44210c201\"}\n>player p2 {\"name\":\"notmetbh102\",\"avatar\":\"2\",\"rating\":2302,\"seed\":\"sodium,6660338161a58f52fa1c083b53d0e3c0\"}\n>chat \u2606notmetbh102|hf\n>chat \u2606cozaron|hf\n>p1 move nuzzle\n>p2 move nastyplot\n>p1 move mysticalfire\n>p2 move shadowball\n>p1 move drainingkiss\n>p2 move nastyplot\n>p1 switch 3\n>p2 move shadowball\n>p1 move darkpulse\n>p2 move focusblast\n>p1 move darkpulse\n>p2 move focusblast\n>p2 switch 3\n>p1 move darkpulse\n>p2 move sludgewave\n>p1 move darkpulse\n>p2 move dracometeor\n>p1 move darkpulse\n>p2 move dracometeor\n>p1 move darkpulse\n>p2 move sludgewave\n>p1 switch 6\n>p1 move icebeam\n>p2 switch 5\n>p1 switch 4\n>p2 move bodypress\n>p1 move closecombat\n>p2 switch 4\n>p1 switch 3\n>p2 move flamethrower\n>p1 move psychicnoise\n>p2 move hurricane\n>p2 switch 2\n>p1 move drainingkiss\n>p2 move psyshock\n>p1 switch 5\n>p1 move knockoff\n>p2 switch 4\n>p1 move superpower\n>p2 switch 5\n>p2 switch 6\n>p1 switch 3\n>p2 move foulplay\n>p1 move closecombat\n>p2 move protect\n>p1 move closecombat\n>p2 switch 5\n>p2 switch 5\n>p1 move closecombat\n>p2 move foulplay terastallize\n>p1 move knockoff\n>p2 move foulplay\n>p1 switch 2\n>p1 move substitute\n>p2 move protect\n>p1 move protect\n>p2 move foulplay\n>p1 move leechseed\n>p2 move protect\n>p1 move leechseed\n>p2 move foulplay\n>p1 move substitute\n>p2 move toxic\n>p1 move flamethrower\n>p2 switch 4\n>p1 move flamethrower\n>p2 move morningsun\n>p1 move flamethrower\n>p2 move morningsun\n>p1 move flamethrower\n>p2 move morningsun\n>p1 move flamethrower\n>p2 move morningsun\n>p1 move flamethrower\n>p2 move morningsun\n>p1 move flamethrower\n>p2 move morningsun\n>p1 move flamethrower\n>p2 move morningsun\n>p1 move flamethrower\n>p2 move morningsun\n>p1 move flamethrower\n>p2 switch 4\n>p1 move leechseed\n>p2 move protect\n>p1 move leechseed\n>p2 move wish\n>p1 move flamethrower\n>p2 move protect\n>p1 move flamethrower\n>p2 move wish\n>p1 move flamethrower\n>p2 move protect\n>p1 move flamethrower\n>p2 move wish\n>p1 move protect\n>p2 move protect\n>p1 move flamethrower\n>p2 move wish\n>p1 move protect\n>p2 move protect\n>p1 move flamethrower\n>p2 move wish\n>p1 move protect\n>p2 move protect\n>p1 move flamethrower\n>p2 move wish\n>p1 move protect\n>p2 move protect\n>p1 move flamethrower\n>p2 move protect\n>p1 move protect\n>p2 switch 4\n>p1 move flamethrower\n>p2 switch 4\n>p1 move flamethrower\n>p2 switch 4\n>p2 switch 4\n>p1 move flamethrower\n>p2 move protect\n>p1 move flamethrower\n>p2 move protect\n>p1 move flamethrower\n>p2 move protect", "uploadtime": 1782753501, "views": 9, "formatid": "gen9randombattle", "rating": 2275, "private": 0, "password": null, "player_dets": [{"name": "cozaron", "avatar": "blue-gen3", "rating": 2252, "seed": "sodium,844325317bbaf0c6f62ed7c44210c201"}, {"name": "notmetbh102", "avatar": "2", "rating": 2302, "seed": "sodium,6660338161a58f52fa1c083b53d0e3c0"}], "teams_full": [{"Hatterene": {"name": "Hatterene", "species": "Hatterene", "speciesId": "hatterene", "gender": "F", "shiny": false, "level": 85, "moves": ["nuzzle", "drainingkiss", "psychicnoise", "mysticalfire"], "ability": "Magic Bounce", "evs": {"hp": 85, "atk": 85, "def": 85, "spa": 85, "spd": 85, "spe": 85}, "ivs": {"hp": 31, "atk": 31, "def": 31, "spa": 31, "spd": 31, "spe": 31}, "item": "Assault Vest", "teraType": "Steel", "role": "AV Pivot", "bvs": {"hp": 57, "atk": 90, "def": 95, "spa": 136, "spd": 103, "spe": 29}, "stats": {"hp": 236, "atk": 202, "def": 210, "spa": 280, "spd": 224, "spe": 98}, "types": ["Psychic", "Fairy"]}, "Scovillain": {"name": "Scovillain", "species": "Scovillain", "speciesId": "scovillain", "gender": "M", "shiny": false, "level": 91, "moves": ["flamethrower", "substitute", "leechseed", "protect"], "ability": "Chlorophyll", "evs": {"hp": 85, "atk": 0, "def": 85, "spa": 85, "spd": 85, "spe": 85}, "ivs": {"hp": 31, "atk": 0, "def": 31, "spa": 31, "spd": 31, "spe": 31}, "item": "Leftovers", "teraType": "Steel", "role": "Bulky Attacker", "bvs": {"hp": 65, "atk": 108, "def": 65, "spa": 108, "spd": 65, "spe": 75}, "stats": {"hp": 266, "atk": 201, "def": 170, "spa": 248, "spd": 170, "spe": 188}, "types": ["Grass", "Fire"]}, "Persian": {"name": "Persian", "species": "Persian-Alola", "speciesId": "persianalola", "gender": "M", "shiny": false, "level": 86, "moves": ["nastyplot", "thunderbolt", "terablast", "darkpulse"], "ability": "Fur Coat", "evs": {"hp": 85, "atk": 0, "def": 85, "spa": 85, "spd": 85, "spe": 85}, "ivs": {"hp": 31, "atk": 0, "def": 31, "spa": 31, "spd": 31, "spe": 31}, "item": "Life Orb", "teraType": "Fairy", "role": "Tera Blast user", "bvs": {"hp": 65, "atk": 60, "def": 60, "spa": 75, "spd": 65, "spe": 115}, "stats": {"hp": 252, "atk": 108, "def": 152, "spa": 178, "spd": 161, "spe": 247}, "types": ["Dark"]}, "Conkeldurr": {"name": "Conkeldurr", "species": "Conkeldurr", "speciesId": "conkeldurr", "gender": "M", "shiny": false, "level": 80, "moves": ["facade", "closecombat", "machpunch", "knockoff"], "ability": "Guts", "evs": {"hp": 85, "atk": 85, "def": 85, "spa": 85, "spd": 85, "spe": 85}, "ivs": {"hp": 31, "atk": 31, "def": 31, "spa": 31, "spd": 31, "spe": 31}, "item": "Flame Orb", "teraType": "Normal", "role": "Wallbreaker", "bvs": {"hp": 105, "atk": 140, "def": 95, "spa": 55, "spd": 65, "spe": 45}, "stats": {"hp": 299, "atk": 270, "def": 198, "spa": 134, "spd": 150, "spe": 118}, "types": ["Fighting"]}, "Deoxys": {"name": "Deoxys", "species": "Deoxys-Attack", "speciesId": "deoxysattack", "gender": "N", "shiny": false, "level": 72, "moves": ["psychoboost", "knockoff", "icebeam", "superpower"], "ability": "Pressure", "evs": {"hp": 85, "atk": 85, "def": 85, "spa": 85, "spd": 85, "spe": 85}, "ivs": {"hp": 31, "atk": 31, "def": 31, "spa": 31, "spd": 31, "spe": 31}, "item": "Life Orb", "teraType": "Dark", "role": "Wallbreaker", "bvs": {"hp": 50, "atk": 180, "def": 20, "spa": 180, "spd": 20, "spe": 150}, "stats": {"hp": 191, "atk": 301, "def": 71, "spa": 301, "spd": 71, "spe": 258}, "types": ["Psychic"]}, "Frosmoth": {"name": "Frosmoth", "species": "Frosmoth", "speciesId": "frosmoth", "gender": "M", "shiny": false, "level": 82, "moves": ["icebeam", "hurricane", "quiverdance", "gigadrain"], "ability": "Ice Scales", "evs": {"hp": 85, "atk": 0, "def": 85, "spa": 85, "spd": 85, "spe": 85}, "ivs": {"hp": 31, "atk": 0, "def": 31, "spa": 31, "spd": 31, "spe": 31}, "item": "Heavy-Duty Boots", "teraType": "Water", "role": "Setup Sweeper", "bvs": {"hp": 70, "atk": 65, "def": 60, "spa": 125, "spd": 90, "spe": 65}, "stats": {"hp": 249, "atk": 111, "def": 146, "spa": 252, "spd": 195, "spe": 154}, "types": ["Ice", "Bug"]}}, {"Grumpig": {"name": "Grumpig", "species": "Grumpig", "speciesId": "grumpig", "gender": "M", "shiny": false, "level": 92, "moves": ["nastyplot", "shadowball", "psyshock", "focusblast"], "ability": "Thick Fat", "evs": {"hp": 85, "atk": 0, "def": 85, "spa": 85, "spd": 85, "spe": 85}, "ivs": {"hp": 31, "atk": 0, "def": 31, "spa": 31, "spd": 31, "spe": 31}, "item": "Leftovers", "teraType": "Fighting", "role": "Bulky Setup", "bvs": {"hp": 80, "atk": 45, "def": 65, "spa": 90, "spd": 110, "spe": 80}, "stats": {"hp": 297, "atk": 87, "def": 172, "spa": 218, "spd": 255, "spe": 200}, "types": ["Psychic"]}, "Espeon": {"name": "Espeon", "species": "Espeon", "speciesId": "espeon", "gender": "M", "shiny": false, "level": 84, "moves": ["shadowball", "morningsun", "alluringvoice", "psyshock"], "ability": "Magic Bounce", "evs": {"hp": 85, "atk": 0, "def": 85, "spa": 85, "spd": 85, "spe": 85}, "ivs": {"hp": 31, "atk": 0, "def": 31, "spa": 31, "spd": 31, "spe": 31}, "item": "Life Orb", "teraType": "Psychic", "role": "Fast Attacker", "bvs": {"hp": 65, "atk": 65, "def": 60, "spa": 130, "spd": 95, "spe": 110}, "stats": {"hp": 246, "atk": 114, "def": 149, "spa": 267, "spd": 208, "spe": 233}, "types": ["Psychic"]}, "Dragalge": {"name": "Dragalge", "species": "Dragalge", "speciesId": "dragalge", "gender": "M", "shiny": false, "level": 88, "moves": ["sludgewave", "dracometeor", "dragontail", "focusblast"], "ability": "Adaptability", "evs": {"hp": 85, "atk": 85, "def": 85, "spa": 85, "spd": 85, "spe": 85}, "ivs": {"hp": 31, "atk": 31, "def": 31, "spa": 31, "spd": 31, "spe": 31}, "item": "Assault Vest", "teraType": "Fighting", "role": "Bulky Attacker", "bvs": {"hp": 65, "atk": 75, "def": 90, "spa": 97, "spd": 123, "spe": 44}, "stats": {"hp": 258, "atk": 182, "def": 209, "spa": 221, "spd": 267, "spe": 128}, "types": ["Poison", "Dragon"]}, "Charizard": {"name": "Charizard", "species": "Charizard", "speciesId": "charizard", "gender": "M", "shiny": false, "level": 85, "moves": ["hurricane", "willowisp", "earthquake", "flamethrower"], "ability": "Blaze", "evs": {"hp": 85, "atk": 85, "def": 85, "spa": 85, "spd": 85, "spe": 85}, "ivs": {"hp": 31, "atk": 31, "def": 31, "spa": 31, "spd": 31, "spe": 31}, "item": "Heavy-Duty Boots", "teraType": "Ground", "role": "Fast Attacker", "bvs": {"hp": 78, "atk": 84, "def": 78, "spa": 109, "spd": 85, "spe": 100}, "stats": {"hp": 271, "atk": 192, "def": 181, "spa": 234, "spd": 193, "spe": 219}, "types": ["Fire", "Flying"]}, "Zamazenta": {"name": "Zamazenta", "species": "Zamazenta", "speciesId": "zamazentacrowned", "gender": "N", "shiny": false, "level": 68, "moves": ["bodypress", "heavyslam", "irondefense", "stoneedge"], "ability": "Dauntless Shield", "evs": {"hp": 85, "atk": 85, "def": 85, "spa": 85, "spd": 85, "spe": 85}, "ivs": {"hp": 31, "atk": 31, "def": 31, "spa": 31, "spd": 31, "spe": 31}, "item": "Rusted Shield", "teraType": "Ghost", "role": "Bulky Setup", "bvs": {"hp": 92, "atk": 120, "def": 140, "spa": 80, "spd": 140, "spe": 128}, "stats": {"hp": 238, "atk": 203, "def": 230, "spa": 149, "spd": 230, "spe": 214}, "types": ["Fighting", "Steel"]}, "Umbreon": {"name": "Umbreon", "species": "Umbreon", "speciesId": "umbreon", "gender": "F", "shiny": false, "level": 84, "moves": ["toxic", "wish", "foulplay", "protect"], "ability": "Synchronize", "evs": {"hp": 85, "atk": 0, "def": 85, "spa": 85, "spd": 85, "spe": 85}, "ivs": {"hp": 31, "atk": 0, "def": 31, "spa": 31, "spd": 31, "spe": 31}, "item": "Leftovers", "teraType": "Poison", "role": "Bulky Support", "bvs": {"hp": 95, "atk": 65, "def": 110, "spa": 60, "spd": 130, "spe": 65}, "stats": {"hp": 297, "atk": 114, "def": 233, "spa": 149, "spd": 267, "spe": 157}, "types": ["Dark"]}}]}