{"id": "gen9randombattle-2641337784", "format": "[Gen 9] Random Battle", "players": ["notmetbh102", "GothPerona"], "log": "|badge|p1|bronze|gen9randombattle|100-9\n|html|<div class=\"broadcast-red\"><strong>This battle is required to be public due to one or more player having a season medal.</strong><br />During the public phase, you can discuss the state of the ladder <a href=\"/seasondiscussion\">in a special chatroom.</a></div>\n|uhtml|medal-msg|<div class=\"broadcast-blue\">Curious what those medals under the avatar are? PS now has Ladder Seasons! For more information, check out the <a href=\"https://www.smogon.com/forums/threads/3740067/\">thread on Smogon.</a></div>\n|badge|p2|bronze|gen9randombattle|100-9\n|uhtml|medal-msg|<div class=\"broadcast-blue\">Curious what those medals under the avatar are? PS now has Ladder Seasons! For more information, check out the <a href=\"https://www.smogon.com/forums/threads/3740067/\">thread on Smogon.</a></div>\n|j|\u2606notmetbh102\n|j|\u2606GothPerona\n|t:|1782769736\n|gametype|singles\n|player|p1|notmetbh102|2|2274\n|player|p2|GothPerona|marley|2223\n|gen|9\n|tier|[Gen 9] Random Battle\n|rated|\n|rule|Species Clause: Limit one of each Pok\u00e9mon\n|rule|HP Percentage Mod: HP is shown in percentages\n|rule|Sleep Clause Mod: Limit one foe put to sleep\n|rule|Illusion Level Mod: Illusion disguises the Pok\u00e9mon's true level\n|\n|t:|1782769736\n|teamsize|p1|6\n|teamsize|p2|6\n|start\n|switch|p1a: Slither Wing|Slither Wing, L81|270/270\n|switch|p2a: Toxapex|Toxapex, L82, F|216/216\n|turn|1\n|inactive|Battle timer is ON: inactive players will automatically lose when time's up. (requested by notmetbh102)\n|inactive|GothPerona also wants the timer to be on.\n|c|\u2606notmetbh102|hf\n|\n|t:|1782769739\n|-end|p1a: Slither Wing|Protosynthesis|[silent]\n|switch|p1a: Diancie|Diancie, L82|216/216\n|move|p2a: Toxapex|Toxic Spikes|p1a: Diancie\n|-sidestart|p1: notmetbh102|move: Toxic Spikes\n|\n|upkeep\n|turn|2\n|\n|t:|1782769744\n|switch|p2a: Espeon|Espeon, L84, M|246/246\n|move|p1a: Diancie|Stealth Rock|p2a: Espeon\n|move|p2a: Espeon|Stealth Rock|p1a: Diancie|[from] ability: Magic Bounce\n|-sidestart|p1: notmetbh102|move: Stealth Rock\n|\n|upkeep\n|turn|3\n|\n|t:|1782769746\n|move|p2a: Espeon|Trick|p1a: Diancie\n|-activate|p2a: Espeon|move: Trick|[of] p1a: Diancie\n|-item|p1a: Diancie|Choice Specs|[from] move: Trick\n|-item|p2a: Espeon|Leftovers|[from] move: Trick\n|move|p1a: Diancie|Diamond Storm|p2a: Espeon\n|-damage|p2a: Espeon|108/246\n|\n|-heal|p2a: Espeon|123/246|[from] item: Leftovers\n|upkeep\n|turn|4\n|\n|t:|1782769751\n|switch|p2a: Toxapex|Toxapex, L82, F|216/216\n|move|p1a: Diancie|Diamond Storm|p2a: Toxapex\n|-damage|p2a: Toxapex|146/216\n|-boost|p1a: Diancie|def|2\n|\n|upkeep\n|turn|5\n|\n|t:|1782769754\n|move|p1a: Diancie|Diamond Storm|p2a: Toxapex\n|-damage|p2a: Toxapex|80/216\n|-boost|p1a: Diancie|def|2\n|move|p2a: Toxapex|Recover|p2a: Toxapex\n|-heal|p2a: Toxapex|188/216\n|\n|upkeep\n|turn|6\n|\n|t:|1782769756\n|move|p1a: Diancie|Diamond Storm|p2a: Toxapex\n|-damage|p2a: Toxapex|115/216\n|-boost|p1a: Diancie|def|2\n|move|p2a: Toxapex|Liquidation|p1a: Diancie\n|-supereffective|p1a: Diancie\n|-damage|p1a: Diancie|192/216\n|\n|upkeep\n|turn|7\n|\n|t:|1782769758\n|move|p1a: Diancie|Diamond Storm|p2a: Toxapex\n|-damage|p2a: Toxapex|45/216\n|move|p2a: Toxapex|Recover|p2a: Toxapex\n|-heal|p2a: Toxapex|153/216\n|\n|upkeep\n|turn|8\n|\n|t:|1782769760\n|move|p1a: Diancie|Diamond Storm|p2a: Toxapex\n|-damage|p2a: Toxapex|78/216\n|move|p2a: Toxapex|Recover|p2a: Toxapex\n|-heal|p2a: Toxapex|186/216\n|\n|upkeep\n|turn|9\n|\n|t:|1782769761\n|move|p1a: Diancie|Diamond Storm|p2a: Toxapex\n|-damage|p2a: Toxapex|122/216\n|move|p2a: Toxapex|Toxic Spikes|p1a: Diancie\n|-sidestart|p1: notmetbh102|move: Toxic Spikes\n|\n|upkeep\n|turn|10\n|\n|t:|1782769765\n|switch|p2a: Mesprit|Mesprit, L85|275/275\n|move|p1a: Diancie|Diamond Storm|p2a: Mesprit\n|-damage|p2a: Mesprit|178/275\n|\n|upkeep\n|turn|11\n|\n|t:|1782769770\n|move|p2a: Mesprit|Psychic Noise|p1a: Diancie\n|-crit|p1a: Diancie\n|-damage|p1a: Diancie|99/216\n|-start|p1a: Diancie|move: Heal Block\n|-activate|p1a: Diancie|move: Struggle\n|move|p1a: Diancie|Struggle|p2a: Mesprit\n|-damage|p2a: Mesprit|149/275\n|-damage|p1a: Diancie|45/216|[from] recoil\n|\n|upkeep\n|turn|12\n|\n|t:|1782769777\n|move|p2a: Mesprit|Psychic Noise|p1a: Diancie\n|-damage|p1a: Diancie|0 fnt\n|faint|p1a: Diancie\n|\n|upkeep\n|\n|t:|1782769778\n|switch|p1a: Rhyperior|Rhyperior, L82, F|323/323\n|-status|p1a: Rhyperior|tox\n|-damage|p1a: Rhyperior|303/323 tox|[from] Stealth Rock\n|turn|13\n|\n|t:|1782769792\n|move|p2a: Mesprit|Knock Off|p1a: Rhyperior\n|-damage|p1a: Rhyperior|249/323 tox\n|-enditem|p1a: Rhyperior|Assault Vest|[from] move: Knock Off|[of] p2a: Mesprit\n|move|p1a: Rhyperior|Stone Edge|p2a: Mesprit\n|-damage|p2a: Mesprit|37/275\n|\n|-damage|p1a: Rhyperior|229/323 tox|[from] psn\n|upkeep\n|turn|14\n|\n|t:|1782769794\n|move|p2a: Mesprit|U-turn|p1a: Rhyperior\n|-damage|p1a: Rhyperior|188/323 tox\n|\n|t:|1782769800\n|switch|p2a: Toxapex|Toxapex, L82, F|194/216|[from] U-turn\n|move|p1a: Rhyperior|Megahorn|p2a: Toxapex\n|-resisted|p2a: Toxapex\n|-damage|p2a: Toxapex|156/216\n|-damage|p1a: Rhyperior|135/323 tox|[from] item: Rocky Helmet|[of] p2a: Toxapex\n|\n|-damage|p1a: Rhyperior|95/323 tox|[from] psn\n|upkeep\n|turn|15\n|\n|t:|1782769803\n|switch|p2a: Mesprit|Mesprit, L85|37/275\n|move|p1a: Rhyperior|Megahorn|p2a: Mesprit|[miss]\n|-miss|p1a: Rhyperior|p2a: Mesprit\n|\n|-damage|p1a: Rhyperior|35/323 tox|[from] psn\n|upkeep\n|turn|16\n|\n|t:|1782769805\n|move|p2a: Mesprit|Drain Punch|p1a: Rhyperior\n|-supereffective|p1a: Rhyperior\n|-damage|p1a: Rhyperior|0 fnt\n|-heal|p2a: Mesprit|55/275|[from] drain|[of] p1a: Rhyperior\n|faint|p1a: Rhyperior\n|\n|upkeep\n|\n|t:|1782769806\n|switch|p1a: Medicham|Medicham, L86, M|243/243\n|-status|p1a: Medicham|tox\n|-damage|p1a: Medicham|228/243 tox|[from] Stealth Rock\n|turn|17\n|\n|t:|1782769814\n|move|p1a: Medicham|Zen Headbutt|p2a: Mesprit\n|-resisted|p2a: Mesprit\n|-damage|p2a: Mesprit|0 fnt\n|faint|p2a: Mesprit\n|\n|-damage|p1a: Medicham|213/243 tox|[from] psn\n|upkeep\n|\n|t:|1782769821\n|switch|p2a: Coalossal|Coalossal, L89, F|341/341\n|turn|18\n|\n|t:|1782769823\n|move|p1a: Medicham|Zen Headbutt|p2a: Coalossal\n|-crit|p2a: Coalossal\n|-damage|p2a: Coalossal|131/341\n|move|p2a: Coalossal|Overheat|p1a: Medicham\n|-damage|p1a: Medicham|57/243 tox\n|-unboost|p2a: Coalossal|spa|2\n|\n|-damage|p1a: Medicham|27/243 tox|[from] psn\n|upkeep\n|turn|19\n|\n|t:|1782769826\n|move|p1a: Medicham|Zen Headbutt|p2a: Coalossal\n|-crit|p2a: Coalossal\n|-damage|p2a: Coalossal|0 fnt\n|faint|p2a: Coalossal\n|\n|-damage|p1a: Medicham|0 fnt|[from] psn\n|faint|p1a: Medicham\n|upkeep\n|\n|t:|1782769832\n|switch|p1a: Slither Wing|Slither Wing, L81|270/270\n|switch|p2a: Espeon|Espeon, L84, M|123/246\n|turn|20\n|\n|t:|1782769835\n|-terastallize|p1a: Slither Wing|Steel\n|move|p2a: Espeon|Psyshock|p1a: Slither Wing\n|-resisted|p1a: Slither Wing\n|-damage|p1a: Slither Wing|210/270\n|move|p1a: Slither Wing|Close Combat|p2a: Espeon\n|-resisted|p2a: Espeon\n|-crit|p2a: Espeon\n|-damage|p2a: Espeon|0 fnt\n|-unboost|p1a: Slither Wing|def|1\n|-unboost|p1a: Slither Wing|spd|1\n|faint|p2a: Espeon\n|\n|upkeep\n|\n|t:|1782769838\n|switch|p2a: Toxapex|Toxapex, L82, F|216/216\n|turn|21\n|\n|t:|1782769839\n|move|p1a: Slither Wing|Will-O-Wisp|p2a: Toxapex\n|-status|p2a: Toxapex|brn\n|move|p2a: Toxapex|Liquidation|p1a: Slither Wing\n|-damage|p1a: Slither Wing|153/270\n|\n|-damage|p2a: Toxapex|203/216 brn|[from] brn\n|upkeep\n|turn|22\n|\n|t:|1782769842\n|move|p1a: Slither Wing|Morning Sun|p1a: Slither Wing\n|-heal|p1a: Slither Wing|270/270\n|move|p2a: Toxapex|Liquidation|p1a: Slither Wing\n|-damage|p1a: Slither Wing|216/270\n|\n|-damage|p2a: Toxapex|190/216 brn|[from] brn\n|upkeep\n|turn|23\n|\n|t:|1782769843\n|move|p1a: Slither Wing|Morning Sun|p1a: Slither Wing\n|-heal|p1a: Slither Wing|270/270\n|move|p2a: Toxapex|Liquidation|p1a: Slither Wing\n|-damage|p1a: Slither Wing|221/270\n|-unboost|p1a: Slither Wing|def|1\n|\n|-damage|p2a: Toxapex|177/216 brn|[from] brn\n|upkeep\n|turn|24\n|\n|t:|1782769845\n|move|p1a: Slither Wing|Will-O-Wisp|p2a: Toxapex\n|-fail|p2a: Toxapex|brn\n|move|p2a: Toxapex|Liquidation|p1a: Slither Wing\n|-damage|p1a: Slither Wing|153/270\n|\n|-damage|p2a: Toxapex|164/216 brn|[from] brn\n|upkeep\n|turn|25\n|\n|t:|1782769846\n|move|p1a: Slither Wing|Will-O-Wisp|p2a: Toxapex\n|-fail|p2a: Toxapex|brn\n|move|p2a: Toxapex|Liquidation|p1a: Slither Wing\n|-damage|p1a: Slither Wing|87/270\n|-unboost|p1a: Slither Wing|def|1\n|\n|-damage|p2a: Toxapex|151/216 brn|[from] brn\n|upkeep\n|turn|26\n|\n|t:|1782769856\n|switch|p2a: Dewgong|Dewgong, L94, M|322/322\n|move|p1a: Slither Wing|Morning Sun|p1a: Slither Wing\n|-heal|p1a: Slither Wing|222/270\n|\n|upkeep\n|turn|27\n|\n|t:|1782769862\n|-terastallize|p2a: Dewgong|Dragon\n|move|p2a: Dewgong|Surf|p1a: Slither Wing\n|-damage|p1a: Slither Wing|102/270\n|move|p1a: Slither Wing|Close Combat|p2a: Dewgong\n|-damage|p2a: Dewgong|184/322\n|-unboost|p1a: Slither Wing|def|1\n|-unboost|p1a: Slither Wing|spd|1\n|\n|upkeep\n|turn|28\n|\n|t:|1782769864\n|-end|p1a: Slither Wing|Protosynthesis|[silent]\n|switch|p1a: Froslass|Froslass, L87, F|263/263\n|-status|p1a: Froslass|tox\n|-damage|p1a: Froslass|198/263 tox|[from] Stealth Rock\n|move|p2a: Dewgong|Surf|p1a: Froslass\n|-damage|p1a: Froslass|95/263 tox\n|\n|-damage|p1a: Froslass|79/263 tox|[from] psn\n|upkeep\n|turn|29\n|\n|t:|1782769868\n|switch|p2a: Blissey|Blissey, L85, F|572/572\n|move|p1a: Froslass|Poltergeist|p2a: Blissey\n|-immune|p2a: Blissey\n|\n|-damage|p1a: Froslass|47/263 tox|[from] psn\n|upkeep\n|turn|30\n|\n|t:|1782769871\n|move|p1a: Froslass|Triple Axel|p2a: Blissey\n|-damage|p2a: Blissey|515/572\n|-damage|p2a: Blissey|395/572\n|-damage|p2a: Blissey|226/572\n|-hitcount|p2a: Blissey|3\n|move|p2a: Blissey|Thunder Wave||[still]\n|-fail|p2a: Blissey\n|\n|-heal|p2a: Blissey|261/572|[from] item: Leftovers\n|-damage|p1a: Froslass|0 fnt|[from] psn\n|faint|p1a: Froslass\n|upkeep\n|\n|t:|1782769872\n|switch|p1a: Slither Wing|Slither Wing, L81, tera:Steel|102/270\n|turn|31\n|\n|t:|1782769875\n|switch|p2a: Toxapex|Toxapex, L82, F|216/216 brn\n|move|p1a: Slither Wing|Morning Sun|p1a: Slither Wing\n|-heal|p1a: Slither Wing|237/270\n|\n|-damage|p2a: Toxapex|203/216 brn|[from] brn\n|upkeep\n|turn|32\n|\n|t:|1782769877\n|move|p1a: Slither Wing|Will-O-Wisp|p2a: Toxapex\n|-fail|p2a: Toxapex|brn\n|move|p2a: Toxapex|Toxic Spikes||[still]\n|-fail|p2a: Toxapex\n|\n|-damage|p2a: Toxapex|190/216 brn|[from] brn\n|upkeep\n|turn|33\n|\n|t:|1782769878\n|move|p1a: Slither Wing|Morning Sun|p1a: Slither Wing\n|-heal|p1a: Slither Wing|270/270\n|move|p2a: Toxapex|Toxic Spikes||[still]\n|-fail|p2a: Toxapex\n|\n|-damage|p2a: Toxapex|177/216 brn|[from] brn\n|upkeep\n|turn|34\n|\n|t:|1782769889\n|move|p1a: Slither Wing|Will-O-Wisp|p2a: Toxapex\n|-fail|p2a: Toxapex|brn\n|move|p2a: Toxapex|Toxic Spikes||[still]\n|-fail|p2a: Toxapex\n|\n|-damage|p2a: Toxapex|164/216 brn|[from] brn\n|upkeep\n|turn|35\n|\n|t:|1782769895\n|move|p1a: Slither Wing|Will-O-Wisp|p2a: Toxapex\n|-fail|p2a: Toxapex|brn\n|move|p2a: Toxapex|Liquidation|p1a: Slither Wing\n|-damage|p1a: Slither Wing|236/270\n|-unboost|p1a: Slither Wing|def|1\n|\n|-damage|p2a: Toxapex|151/216 brn|[from] brn\n|upkeep\n|turn|36\n|\n|t:|1782769897\n|move|p1a: Slither Wing|Will-O-Wisp|p2a: Toxapex\n|-fail|p2a: Toxapex|brn\n|move|p2a: Toxapex|Liquidation|p1a: Slither Wing\n|-damage|p1a: Slither Wing|184/270\n|\n|-damage|p2a: Toxapex|138/216 brn|[from] brn\n|upkeep\n|turn|37\n|\n|t:|1782769899\n|move|p1a: Slither Wing|Will-O-Wisp|p2a: Toxapex\n|-fail|p2a: Toxapex|brn\n|move|p2a: Toxapex|Recover|p2a: Toxapex\n|-heal|p2a: Toxapex|216/216 brn\n|\n|-damage|p2a: Toxapex|203/216 brn|[from] brn\n|upkeep\n|turn|38\n|\n|t:|1782769900\n|move|p1a: Slither Wing|Morning Sun|p1a: Slither Wing\n|-heal|p1a: Slither Wing|270/270\n|move|p2a: Toxapex|Liquidation|p1a: Slither Wing\n|-damage|p1a: Slither Wing|218/270\n|\n|-damage|p2a: Toxapex|190/216 brn|[from] brn\n|upkeep\n|turn|39\n|\n|t:|1782769903\n|move|p1a: Slither Wing|Will-O-Wisp|p2a: Toxapex\n|-fail|p2a: Toxapex|brn\n|move|p2a: Toxapex|Liquidation|p1a: Slither Wing\n|-damage|p1a: Slither Wing|164/270\n|\n|-damage|p2a: Toxapex|177/216 brn|[from] brn\n|upkeep\n|turn|40\n|\n|t:|1782769905\n|move|p1a: Slither Wing|Morning Sun|p1a: Slither Wing\n|-heal|p1a: Slither Wing|270/270\n|move|p2a: Toxapex|Liquidation|p1a: Slither Wing\n|-damage|p1a: Slither Wing|216/270\n|\n|-damage|p2a: Toxapex|164/216 brn|[from] brn\n|upkeep\n|turn|41\n|\n|t:|1782769908\n|switch|p2a: Blissey|Blissey, L85, F|261/572\n|move|p1a: Slither Wing|Will-O-Wisp|p2a: Blissey\n|-status|p2a: Blissey|brn\n|\n|-heal|p2a: Blissey|296/572 brn|[from] item: Leftovers\n|-damage|p2a: Blissey|261/572 brn|[from] brn\n|upkeep\n|turn|42\n|\n|t:|1782769909\n|-curestatus|p2a: Blissey|brn|[from] ability: Natural Cure|[silent]\n|switch|p2a: Toxapex|Toxapex, L82, F|216/216 brn\n|move|p1a: Slither Wing|Will-O-Wisp|p2a: Toxapex\n|-fail|p2a: Toxapex|brn\n|\n|-damage|p2a: Toxapex|203/216 brn|[from] brn\n|upkeep\n|turn|43\n|\n|t:|1782769913\n|move|p1a: Slither Wing|Will-O-Wisp|p2a: Toxapex\n|-fail|p2a: Toxapex|brn\n|move|p2a: Toxapex|Liquidation|p1a: Slither Wing\n|-damage|p1a: Slither Wing|168/270\n|\n|-damage|p2a: Toxapex|190/216 brn|[from] brn\n|upkeep\n|turn|44\n|\n|t:|1782769914\n|move|p1a: Slither Wing|Will-O-Wisp|p2a: Toxapex\n|-fail|p2a: Toxapex|brn\n|move|p2a: Toxapex|Liquidation|p1a: Slither Wing\n|-damage|p1a: Slither Wing|117/270\n|-unboost|p1a: Slither Wing|def|1\n|\n|-damage|p2a: Toxapex|177/216 brn|[from] brn\n|upkeep\n|turn|45\n|\n|t:|1782769916\n|move|p1a: Slither Wing|Morning Sun|p1a: Slither Wing\n|-heal|p1a: Slither Wing|252/270\n|move|p2a: Toxapex|Liquidation|p1a: Slither Wing\n|-crit|p1a: Slither Wing\n|-damage|p1a: Slither Wing|139/270\n|\n|-damage|p2a: Toxapex|164/216 brn|[from] brn\n|upkeep\n|turn|46\n|\n|t:|1782769917\n|-end|p1a: Slither Wing|Protosynthesis|[silent]\n|switch|p1a: Palafin|Palafin, L77, M|281/281\n|-status|p1a: Palafin|tox\n|-damage|p1a: Palafin|246/281 tox|[from] Stealth Rock\n|move|p2a: Toxapex|Liquidation|p1a: Palafin\n|-resisted|p1a: Palafin\n|-damage|p1a: Palafin|227/281 tox\n|\n|-damage|p1a: Palafin|210/281 tox|[from] psn\n|-damage|p2a: Toxapex|151/216 brn|[from] brn\n|upkeep\n|turn|47\n|\n|t:|1782769936\n|detailschange|p1a: Palafin|Palafin-Hero, L77, M\n|switch|p1a: Slither Wing|Slither Wing, L81, tera:Steel|139/270\n|move|p2a: Toxapex|Toxic Spikes||[still]\n|-fail|p2a: Toxapex\n|\n|-damage|p2a: Toxapex|138/216 brn|[from] brn\n|upkeep\n|turn|48\n|\n|t:|1782769940\n|move|p1a: Slither Wing|Will-O-Wisp|p2a: Toxapex\n|-fail|p2a: Toxapex|brn\n|move|p2a: Toxapex|Toxic Spikes||[still]\n|-fail|p2a: Toxapex\n|\n|-damage|p2a: Toxapex|125/216 brn|[from] brn\n|upkeep\n|turn|49\n|\n|t:|1782769942\n|move|p1a: Slither Wing|Will-O-Wisp|p2a: Toxapex\n|-fail|p2a: Toxapex|brn\n|move|p2a: Toxapex|Toxic Spikes||[still]\n|-fail|p2a: Toxapex\n|\n|-damage|p2a: Toxapex|112/216 brn|[from] brn\n|upkeep\n|turn|50\n|\n|t:|1782769946\n|move|p1a: Slither Wing|Will-O-Wisp|p2a: Toxapex\n|-fail|p2a: Toxapex|brn\n|move|p2a: Toxapex|Toxic Spikes||[still]\n|-fail|p2a: Toxapex\n|\n|-damage|p2a: Toxapex|99/216 brn|[from] brn\n|upkeep\n|turn|51\n|\n|t:|1782769947\n|move|p1a: Slither Wing|Will-O-Wisp|p2a: Toxapex\n|-fail|p2a: Toxapex|brn\n|move|p2a: Toxapex|Recover|p2a: Toxapex\n|-heal|p2a: Toxapex|207/216 brn\n|\n|-damage|p2a: Toxapex|194/216 brn|[from] brn\n|upkeep\n|turn|52\n|\n|t:|1782769949\n|switch|p2a: Blissey|Blissey, L85, F|261/572\n|move|p1a: Slither Wing|Will-O-Wisp|p2a: Blissey\n|-status|p2a: Blissey|brn\n|\n|-heal|p2a: Blissey|296/572 brn|[from] item: Leftovers\n|-damage|p2a: Blissey|261/572 brn|[from] brn\n|upkeep\n|turn|53\n|\n|t:|1782769951\n|move|p1a: Slither Wing|Will-O-Wisp|p2a: Blissey\n|-fail|p2a: Blissey|brn\n|move|p2a: Blissey|Thunder Wave|p1a: Slither Wing\n|-status|p1a: Slither Wing|par\n|\n|-heal|p2a: Blissey|296/572 brn|[from] item: Leftovers\n|-damage|p2a: Blissey|261/572 brn|[from] brn\n|upkeep\n|turn|54\n|\n|t:|1782769954\n|move|p2a: Blissey|Seismic Toss|p1a: Slither Wing\n|-damage|p1a: Slither Wing|54/270 par\n|move|p1a: Slither Wing|Will-O-Wisp|p2a: Blissey\n|-fail|p2a: Blissey|brn\n|\n|-heal|p2a: Blissey|296/572 brn|[from] item: Leftovers\n|-damage|p2a: Blissey|261/572 brn|[from] brn\n|upkeep\n|turn|55\n|\n|t:|1782769956\n|-end|p1a: Slither Wing|Protosynthesis|[silent]\n|switch|p1a: Palafin|Palafin-Hero, L77, M|210/281 tox\n|-damage|p1a: Palafin|175/281 tox|[from] Stealth Rock\n|-activate|p1a: Palafin|ability: Zero to Hero\n|move|p2a: Blissey|Seismic Toss|p1a: Palafin\n|-damage|p1a: Palafin|90/281 tox\n|\n|-heal|p2a: Blissey|296/572 brn|[from] item: Leftovers\n|-damage|p1a: Palafin|73/281 tox|[from] psn\n|-damage|p2a: Blissey|261/572 brn|[from] brn\n|upkeep\n|turn|56\n|\n|t:|1782769960\n|-curestatus|p2a: Blissey|brn|[from] ability: Natural Cure|[silent]\n|switch|p2a: Toxapex|Toxapex, L82, F|216/216 brn\n|move|p1a: Palafin|Close Combat|p2a: Toxapex\n|-resisted|p2a: Toxapex\n|-damage|p2a: Toxapex|164/216 brn\n|-unboost|p1a: Palafin|def|1\n|-unboost|p1a: Palafin|spd|1\n|-damage|p1a: Palafin|27/281 tox|[from] item: Rocky Helmet|[of] p2a: Toxapex\n|\n|-damage|p1a: Palafin|0 fnt|[from] psn\n|faint|p1a: Palafin\n|-damage|p2a: Toxapex|151/216 brn|[from] brn\n|upkeep\n|\n|t:|1782769961\n|switch|p1a: Slither Wing|Slither Wing, L81, tera:Steel|54/270 par\n|turn|57\n|\n|t:|1782769973\n|move|p2a: Toxapex|Liquidation|p1a: Slither Wing\n|-damage|p1a: Slither Wing|22/270 par\n|move|p1a: Slither Wing|U-turn|p2a: Toxapex\n|-resisted|p2a: Toxapex\n|-damage|p2a: Toxapex|123/216 brn\n|-damage|p1a: Slither Wing|0 fnt|[from] item: Rocky Helmet|[of] p2a: Toxapex\n|faint|p1a: Slither Wing\n|-end|p1a: Slither Wing|Protosynthesis|[silent]\n|\n|win|GothPerona\n|raw|notmetbh102's rating: 2274 &rarr; <strong>2251</strong><br />(-23 for losing)\n|raw|GothPerona's rating: 2223 &rarr; <strong>2246</strong><br />(+23 for winning)\n|c|\u2606notmetbh102|gg\n", "inputlog": ">version f8ac14003a5f27e1bdc8d8c59608a773c1cb96e5\n>start {\"formatid\":\"gen9randombattle\",\"seed\":\"sodium,68e2f150206ff17905844b76bf99c1b4\",\"rated\":\"Rated battle\"}\n>player p1 {\"name\":\"notmetbh102\",\"avatar\":\"2\",\"rating\":2274,\"seed\":\"sodium,aa97a7d1414e5d9eaeb0319661b8f6b2\"}\n>player p2 {\"name\":\"GothPerona\",\"avatar\":\"marley\",\"rating\":2223,\"seed\":\"sodium,62e29a0d490be6638c9240c5b41c3591\"}\n>chat \u2606notmetbh102|hf\n>p1 switch 6\n>p2 move toxicspikes\n>p1 move stealthrock\n>p2 switch 6\n>p1 move diamondstorm\n>p2 move trick\n>p1 move diamondstorm\n>p2 switch 6\n>p1 move diamondstorm\n>p2 move recover\n>p1 move diamondstorm\n>p2 move liquidation\n>p1 move diamondstorm\n>p2 move recover\n>p1 move diamondstorm\n>p2 move recover\n>p1 move diamondstorm\n>p2 move toxicspikes\n>p1 move diamondstorm\n>p2 switch 2\n>p1 move struggle\n>p2 move psychicnoise\n>p1 move struggle\n>p2 move psychicnoise\n>p1 switch 2\n>p1 move stoneedge\n>p2 move knockoff\n>p1 move megahorn\n>p2 move uturn\n>p2 switch 2\n>p1 move megahorn\n>p2 switch 2\n>p1 move dragontail\n>p2 move drainpunch\n>p1 switch 3\n>p1 move zenheadbutt\n>p2 move uturn\n>p2 switch 4\n>p1 move zenheadbutt\n>p2 move overheat\n>p1 move zenheadbutt\n>p2 move rapidspin\n>p1 switch 6\n>p2 switch 6\n>p1 move closecombat terastallize\n>p2 move psyshock\n>p2 switch 2\n>p1 move willowisp\n>p2 move liquidation\n>p1 move morningsun\n>p2 move liquidation\n>p1 move morningsun\n>p2 move liquidation\n>p1 move willowisp\n>p2 move liquidation\n>p1 move willowisp\n>p2 move liquidation\n>p1 move morningsun\n>p2 switch 5\n>p1 move closecombat\n>p2 move surf terastallize\n>p1 switch 5\n>p2 move surf\n>p1 move poltergeist\n>p2 switch 3\n>p1 move tripleaxel\n>p2 move thunderwave\n>p1 switch 5\n>p1 move morningsun\n>p2 switch 5\n>p1 move willowisp\n>p2 move toxicspikes\n>p1 move morningsun\n>p2 move toxicspikes\n>p1 move willowisp\n>p2 move toxicspikes\n>p1 move willowisp\n>p2 move liquidation\n>p1 move willowisp\n>p2 move liquidation\n>p1 move willowisp\n>p2 move recover\n>p1 move morningsun\n>p2 move liquidation\n>p1 move willowisp\n>p2 move liquidation\n>p1 move morningsun\n>p2 move liquidation\n>p1 move willowisp\n>p2 switch 5\n>p1 move willowisp\n>p2 switch 5\n>p1 move willowisp\n>p2 move liquidation\n>p1 move willowisp\n>p2 move liquidation\n>p1 move morningsun\n>p2 move liquidation\n>p1 switch 4\n>p2 move liquidation\n>p1 switch 4\n>p2 move toxicspikes\n>p1 move willowisp\n>p2 move toxicspikes\n>p1 move willowisp\n>p2 move toxicspikes\n>p1 move willowisp\n>p2 move toxicspikes\n>p1 move willowisp\n>p2 move recover\n>p1 move willowisp\n>p2 switch 5\n>p1 move willowisp\n>p2 move thunderwave\n>p1 move willowisp\n>p2 move seismictoss\n>p1 switch 4\n>p2 move seismictoss\n>p1 move closecombat\n>p2 switch 5\n>p1 switch 4\n>p1 move uturn\n>p2 move liquidation", "uploadtime": 1782769974, "views": 3, "formatid": "gen9randombattle", "rating": 2246, "private": 0, "password": null, "player_dets": [{"name": "notmetbh102", "avatar": "2", "rating": 2274, "seed": "sodium,aa97a7d1414e5d9eaeb0319661b8f6b2"}, {"name": "GothPerona", "avatar": "marley", "rating": 2223, "seed": "sodium,62e29a0d490be6638c9240c5b41c3591"}], "teams_full": [{"Slither Wing": {"name": "Slither Wing", "species": "Slither Wing", "speciesId": "slitherwing", "gender": "N", "shiny": false, "level": 81, "moves": ["willowisp", "closecombat", "uturn", "morningsun"], "ability": "Protosynthesis", "evs": {"hp": 85, "atk": 85, "def": 85, "spa": 85, "spd": 85, "spe": 85}, "ivs": {"hp": 31, "atk": 31, "def": 31, "spa": 31, "spd": 31, "spe": 31}, "item": "Heavy-Duty Boots", "teraType": "Steel", "role": "Fast Support", "bvs": {"hp": 85, "atk": 135, "def": 79, "spa": 85, "spd": 105, "spe": 81}, "stats": {"hp": 270, "atk": 265, "def": 175, "spa": 184, "spd": 217, "spe": 178}, "types": ["Bug", "Fighting"]}, "Rhyperior": {"name": "Rhyperior", "species": "Rhyperior", "speciesId": "rhyperior", "gender": "F", "shiny": false, "level": 82, "moves": ["stoneedge", "megahorn", "dragontail", "earthquake"], "ability": "Solid Rock", "evs": {"hp": 85, "atk": 85, "def": 85, "spa": 85, "spd": 85, "spe": 85}, "ivs": {"hp": 31, "atk": 31, "def": 31, "spa": 31, "spd": 31, "spe": 31}, "item": "Assault Vest", "teraType": "Grass", "role": "Bulky Attacker", "bvs": {"hp": 115, "atk": 140, "def": 130, "spa": 55, "spd": 55, "spe": 40}, "stats": {"hp": 323, "atk": 277, "def": 260, "spa": 137, "spd": 137, "spe": 113}, "types": ["Ground", "Rock"]}, "Medicham": {"name": "Medicham", "species": "Medicham", "speciesId": "medicham", "gender": "M", "shiny": false, "level": 86, "moves": ["closecombat", "zenheadbutt", "trick", "bulletpunch"], "ability": "Pure Power", "evs": {"hp": 85, "atk": 85, "def": 85, "spa": 85, "spd": 85, "spe": 85}, "ivs": {"hp": 31, "atk": 31, "def": 31, "spa": 31, "spd": 31, "spe": 31}, "item": "Choice Band", "teraType": "Fighting", "role": "Fast Attacker", "bvs": {"hp": 60, "atk": 60, "def": 75, "spa": 60, "spd": 75, "spe": 80}, "stats": {"hp": 243, "atk": 152, "def": 178, "spa": 152, "spd": 178, "spe": 187}, "types": ["Fighting", "Psychic"]}, "Palafin": {"name": "Palafin", "species": "Palafin", "speciesId": "palafin", "gender": "M", "shiny": false, "level": 77, "moves": ["wavecrash", "closecombat", "jetpunch", "flipturn"], "ability": "Zero to Hero", "evs": {"hp": 85, "atk": 85, "def": 85, "spa": 85, "spd": 85, "spe": 85}, "ivs": {"hp": 31, "atk": 31, "def": 31, "spa": 31, "spd": 31, "spe": 31}, "item": "Choice Band", "teraType": "Water", "role": "Wallbreaker", "bvs": {"hp": 100, "atk": 70, "def": 72, "spa": 53, "spd": 62, "spe": 100}, "stats": {"hp": 281, "atk": 152, "def": 155, "spa": 126, "spd": 140, "spe": 199}, "types": ["Water"]}, "Froslass": {"name": "Froslass", "species": "Froslass", "speciesId": "froslass", "gender": "F", "shiny": false, "level": 87, "moves": ["tripleaxel", "taunt", "poltergeist", "destinybond"], "ability": "Cursed Body", "evs": {"hp": 81, "atk": 85, "def": 85, "spa": 85, "spd": 85, "spe": 85}, "ivs": {"hp": 31, "atk": 31, "def": 31, "spa": 31, "spd": 31, "spe": 31}, "item": "Wide Lens", "teraType": "Ice", "role": "Fast Support", "bvs": {"hp": 70, "atk": 80, "def": 70, "spa": 80, "spd": 70, "spe": 110}, "stats": {"hp": 263, "atk": 189, "def": 172, "spa": 189, "spd": 172, "spe": 241}, "types": ["Ice", "Ghost"]}, "Diancie": {"name": "Diancie", "species": "Diancie", "speciesId": "diancie", "gender": "N", "shiny": false, "level": 82, "moves": ["moonblast", "bodypress", "diamondstorm", "stealthrock"], "ability": "Clear Body", "evs": {"hp": 85, "atk": 85, "def": 85, "spa": 85, "spd": 85, "spe": 85}, "ivs": {"hp": 31, "atk": 31, "def": 31, "spa": 31, "spd": 31, "spe": 31}, "item": "Leftovers", "teraType": "Fighting", "role": "Bulky Attacker", "bvs": {"hp": 50, "atk": 100, "def": 150, "spa": 100, "spd": 150, "spe": 50}, "stats": {"hp": 216, "atk": 211, "def": 293, "spa": 211, "spd": 293, "spe": 129}, "types": ["Rock", "Fairy"]}}, {"Toxapex": {"name": "Toxapex", "species": "Toxapex", "speciesId": "toxapex", "gender": "F", "shiny": false, "level": 82, "moves": ["haze", "recover", "toxicspikes", "liquidation"], "ability": "Regenerator", "evs": {"hp": 85, "atk": 85, "def": 85, "spa": 85, "spd": 85, "spe": 85}, "ivs": {"hp": 31, "atk": 31, "def": 31, "spa": 31, "spd": 31, "spe": 31}, "item": "Rocky Helmet", "teraType": "Fairy", "role": "Bulky Support", "bvs": {"hp": 50, "atk": 63, "def": 152, "spa": 53, "spd": 142, "spe": 35}, "stats": {"hp": 216, "atk": 150, "def": 296, "spa": 134, "spd": 280, "spe": 105}, "types": ["Poison", "Water"]}, "Mesprit": {"name": "Mesprit", "species": "Mesprit", "speciesId": "mesprit", "gender": "N", "shiny": false, "level": 85, "moves": ["psychicnoise", "knockoff", "uturn", "drainpunch"], "ability": "Levitate", "evs": {"hp": 85, "atk": 85, "def": 85, "spa": 85, "spd": 85, "spe": 85}, "ivs": {"hp": 31, "atk": 31, "def": 31, "spa": 31, "spd": 31, "spe": 31}, "item": "Assault Vest", "teraType": "Dark", "role": "Bulky Attacker", "bvs": {"hp": 80, "atk": 105, "def": 105, "spa": 105, "spd": 105, "spe": 80}, "stats": {"hp": 275, "atk": 227, "def": 227, "spa": 227, "spd": 227, "spe": 185}, "types": ["Psychic"]}, "Blissey": {"name": "Blissey", "species": "Blissey", "speciesId": "blissey", "gender": "F", "shiny": false, "level": 85, "moves": ["seismictoss", "thunderwave", "softboiled", "stealthrock"], "ability": "Natural Cure", "evs": {"hp": 85, "atk": 0, "def": 85, "spa": 85, "spd": 85, "spe": 85}, "ivs": {"hp": 31, "atk": 0, "def": 31, "spa": 31, "spd": 31, "spe": 31}, "item": "Leftovers", "teraType": "Dark", "role": "Bulky Support", "bvs": {"hp": 255, "atk": 10, "def": 10, "spa": 75, "spd": 135, "spe": 55}, "stats": {"hp": 572, "atk": 22, "def": 66, "spa": 176, "spd": 278, "spe": 142}, "types": ["Normal"]}, "Coalossal": {"name": "Coalossal", "species": "Coalossal", "speciesId": "coalossal", "gender": "F", "shiny": false, "level": 89, "moves": ["stoneedge", "willowisp", "overheat", "rapidspin"], "ability": "Flame Body", "evs": {"hp": 85, "atk": 85, "def": 85, "spa": 85, "spd": 85, "spe": 85}, "ivs": {"hp": 31, "atk": 31, "def": 31, "spa": 31, "spd": 31, "spe": 31}, "item": "Heavy-Duty Boots", "teraType": "Grass", "role": "Bulky Support", "bvs": {"hp": 110, "atk": 80, "def": 120, "spa": 80, "spd": 90, "spe": 30}, "stats": {"hp": 341, "atk": 193, "def": 264, "spa": 193, "spd": 211, "spe": 104}, "types": ["Rock", "Fire"]}, "Dewgong": {"name": "Dewgong", "species": "Dewgong", "speciesId": "dewgong", "gender": "M", "shiny": false, "level": 94, "moves": ["knockoff", "surf", "tripleaxel", "flipturn"], "ability": "Thick Fat", "evs": {"hp": 85, "atk": 85, "def": 85, "spa": 85, "spd": 85, "spe": 85}, "ivs": {"hp": 31, "atk": 31, "def": 31, "spa": 31, "spd": 31, "spe": 31}, "item": "Assault Vest", "teraType": "Dragon", "role": "Bulky Attacker", "bvs": {"hp": 90, "atk": 70, "def": 80, "spa": 70, "spd": 95, "spe": 70}, "stats": {"hp": 322, "atk": 185, "def": 204, "spa": 185, "spd": 232, "spe": 185}, "types": ["Water", "Ice"]}, "Espeon": {"name": "Espeon", "species": "Espeon", "speciesId": "espeon", "gender": "M", "shiny": false, "level": 84, "moves": ["trick", "psyshock", "alluringvoice", "shadowball"], "ability": "Magic Bounce", "evs": {"hp": 85, "atk": 0, "def": 85, "spa": 85, "spd": 85, "spe": 85}, "ivs": {"hp": 31, "atk": 0, "def": 31, "spa": 31, "spd": 31, "spe": 31}, "item": "Choice Specs", "teraType": "Fairy", "role": "Fast Attacker", "bvs": {"hp": 65, "atk": 65, "def": 60, "spa": 130, "spd": 95, "spe": 110}, "stats": {"hp": 246, "atk": 114, "def": 149, "spa": 267, "spd": 208, "spe": 233}, "types": ["Psychic"]}}]}