{"id": "gen9randombattle-2641193045", "format": "[Gen 9] Random Battle", "players": ["ColdWaterSteam", "moosie15"], "log": "|badge|p2|bronze|gen9randombattle|100-9\n|html|<div class=\"broadcast-red\"><strong>This battle is required to be public due to one or more player having a season medal.</strong><br />During the public phase, you can discuss the state of the ladder <a href=\"/seasondiscussion\">in a special chatroom.</a></div>\n|uhtml|medal-msg|<div class=\"broadcast-blue\">Curious what those medals under the avatar are? PS now has Ladder Seasons! For more information, check out the <a href=\"https://www.smogon.com/forums/threads/3740067/\">thread on Smogon.</a></div>\n|j|\u2606ColdWaterSteam\n|j|\u203dmoosie15\n|t:|1782751895\n|gametype|singles\n|player|p1|ColdWaterSteam|1|2241\n|player|p2|moosie15|unknown|2271\n|gen|9\n|tier|[Gen 9] Random Battle\n|rated|\n|rule|Species Clause: Limit one of each Pok\u00e9mon\n|rule|HP Percentage Mod: HP is shown in percentages\n|rule|Sleep Clause Mod: Limit one foe put to sleep\n|rule|Illusion Level Mod: Illusion disguises the Pok\u00e9mon's true level\n|\n|t:|1782751895\n|teamsize|p1|6\n|teamsize|p2|6\n|start\n|switch|p1a: Dudunsparce|Dudunsparce-Three-Segment, L83, M|343/343\n|switch|p2a: Reuniclus|Reuniclus, L88, M|337/337\n|turn|1\n|inactive|Battle timer is ON: inactive players will automatically lose when time's up. (requested by ColdWaterSteam)\n|\n|t:|1782751904\n|move|p1a: Dudunsparce|Glare|p2a: Reuniclus\n|-status|p2a: Reuniclus|par\n|cant|p2a: Reuniclus|par\n|\n|upkeep\n|turn|2\n|inactive|moosie15 has 120 seconds left.\n|inactive|moosie15 has 90 seconds left.\n|l|\u2606ColdWaterSteam\n|inactive|ColdWaterSteam disconnected and has a minute to reconnect!\n|player|p1|\n|inactive|moosie15 has 60 seconds left.\n|j|\u2606ColdWaterSteam\n|inactive|ColdWaterSteam reconnected.\n|player|p1|ColdWaterSteam|1|\n|inactive|moosie15 has 30 seconds left.\n|inactive|moosie15 has 20 seconds left.\n|inactive|moosie15 has 15 seconds left.\n|inactive|moosie15 has 10 seconds left.\n|inactive|moosie15 has 5 seconds left.\n|\n|t:|1782752053\n|move|p1a: Dudunsparce|Headbutt|p2a: Reuniclus\n|-damage|p2a: Reuniclus|256/337 par\n|cant|p2a: Reuniclus|flinch\n|\n|upkeep\n|turn|3\n|inactive|moosie15 has 15 seconds left this turn.\n|inactive|moosie15 has 10 seconds left.\n|\n|t:|1782752061\n|switch|p2a: Toxapex|Toxapex, L82, F|216/216\n|move|p1a: Dudunsparce|Headbutt|p2a: Toxapex\n|-damage|p2a: Toxapex|168/216\n|-damage|p1a: Dudunsparce|286/343|[from] item: Rocky Helmet|[of] p2a: Toxapex\n|\n|-heal|p1a: Dudunsparce|307/343|[from] item: Leftovers\n|upkeep\n|turn|4\n|inactive|moosie15 has 20 seconds left this turn.\n|\n|t:|1782752069\n|switch|p1a: Amoonguss|Amoonguss, L82, M|321/321\n|move|p2a: Toxapex|Toxic|p1a: Amoonguss\n|-immune|p1a: Amoonguss\n|\n|upkeep\n|turn|5\n|inactive|moosie15 has 30 seconds left this turn.\n|\n|t:|1782752075\n|switch|p2a: Altaria|Altaria, L89, F|278/278\n|move|p1a: Amoonguss|Giga Drain|p2a: Altaria\n|-resisted|p2a: Altaria\n|-damage|p2a: Altaria|264/278\n|\n|upkeep\n|turn|6\n|\n|t:|1782752083\n|move|p2a: Altaria|Will-O-Wisp|p1a: Amoonguss\n|-status|p1a: Amoonguss|brn\n|move|p1a: Amoonguss|Spore|p2a: Altaria\n|-status|p2a: Altaria|slp|[from] move: Spore\n|\n|-damage|p1a: Amoonguss|301/321 brn|[from] brn\n|upkeep\n|turn|7\n|inactive|moosie15 has 30 seconds left.\n|\n|t:|1782752103\n|-curestatus|p2a: Altaria|slp|[from] ability: Natural Cure|[silent]\n|switch|p2a: Reuniclus|Reuniclus, L88, M|256/337 par\n|switch|p1a: Gumshoos|Gumshoos, L95, F|321/321\n|\n|upkeep\n|turn|8\n|\n|t:|1782752117\n|switch|p2a: Rhydon|Rhydon, L85, M|317/317\n|move|p1a: Gumshoos|Knock Off|p2a: Rhydon\n|-damage|p2a: Rhydon|239/317\n|-enditem|p2a: Rhydon|Eviolite|[from] move: Knock Off|[of] p1a: Gumshoos\n|\n|upkeep\n|turn|9\n|\n|t:|1782752133\n|switch|p1a: Amoonguss|Amoonguss, L82, M|321/321 brn\n|move|p2a: Rhydon|Stealth Rock|p1a: Amoonguss\n|-sidestart|p1: ColdWaterSteam|move: Stealth Rock\n|\n|-damage|p1a: Amoonguss|301/321 brn|[from] brn\n|upkeep\n|turn|10\n|\n|t:|1782752138\n|switch|p2a: Reuniclus|Reuniclus, L88, M|256/337 par\n|move|p1a: Amoonguss|Giga Drain|p2a: Reuniclus\n|-damage|p2a: Reuniclus|186/337 par\n|-heal|p1a: Amoonguss|321/321 brn|[from] drain|[of] p2a: Reuniclus\n|\n|-damage|p1a: Amoonguss|301/321 brn|[from] brn\n|upkeep\n|turn|11\n|\n|t:|1782752153\n|switch|p1a: Hoopa|Hoopa, L85|275/275\n|-damage|p1a: Hoopa|241/275|[from] Stealth Rock\n|cant|p2a: Reuniclus|par\n|\n|upkeep\n|turn|12\n|\n|t:|1782752162\n|switch|p2a: Altaria|Altaria, L89, F|264/278\n|move|p1a: Hoopa|Nasty Plot|p1a: Hoopa\n|-boost|p1a: Hoopa|spa|2\n|\n|upkeep\n|turn|13\n|\n|t:|1782752168\n|move|p2a: Altaria|Brave Bird|p1a: Hoopa\n|-damage|p1a: Hoopa|88/275\n|-damage|p2a: Altaria|214/278|[from] Recoil\n|move|p1a: Hoopa|Psyshock|p2a: Altaria\n|-damage|p2a: Altaria|0 fnt\n|faint|p2a: Altaria\n|-damage|p1a: Hoopa|61/275|[from] item: Life Orb\n|\n|upkeep\n|\n|t:|1782752174\n|switch|p2a: Iron Boulder|Iron Boulder, L77|265/265\n|turn|14\n|\n|t:|1782752182\n|switch|p1a: Amoonguss|Amoonguss, L82, M|321/321 brn\n|-damage|p1a: Amoonguss|281/321 brn|[from] Stealth Rock\n|move|p2a: Iron Boulder|Mighty Cleave|p1a: Amoonguss\n|-damage|p1a: Amoonguss|112/321 brn\n|-damage|p2a: Iron Boulder|221/265|[from] item: Rocky Helmet|[of] p1a: Amoonguss\n|-damage|p2a: Iron Boulder|195/265|[from] item: Life Orb\n|\n|-damage|p1a: Amoonguss|92/321 brn|[from] brn\n|upkeep\n|turn|15\n|\n|t:|1782752198\n|switch|p1a: Hoopa|Hoopa, L85|61/275\n|-damage|p1a: Hoopa|27/275|[from] Stealth Rock\n|move|p2a: Iron Boulder|Mighty Cleave|p1a: Hoopa\n|-damage|p1a: Hoopa|0 fnt\n|faint|p1a: Hoopa\n|-damage|p2a: Iron Boulder|169/265|[from] item: Life Orb\n|\n|upkeep\n|inactive|ColdWaterSteam has 120 seconds left.\n|\n|t:|1782752229\n|switch|p1a: Hitmonlee|Hitmonlee, L85, M|223/223\n|-damage|p1a: Hitmonlee|210/223|[from] Stealth Rock\n|turn|16\n|\n|t:|1782752236\n|-end|p2a: Iron Boulder|Quark Drive|[silent]\n|switch|p2a: Toxapex|Toxapex, L82, F|216/216\n|move|p1a: Hitmonlee|Knock Off|p2a: Toxapex\n|-damage|p2a: Toxapex|157/216\n|-damage|p1a: Hitmonlee|173/223|[from] item: Rocky Helmet|[of] p2a: Toxapex\n|-enditem|p2a: Toxapex|Rocky Helmet|[from] move: Knock Off|[of] p1a: Hitmonlee\n|\n|upkeep\n|turn|17\n|inactive|ColdWaterSteam has 120 seconds left.\n|\n|t:|1782752247\n|switch|p1a: Amoonguss|Amoonguss, L82, M|199/321 brn\n|-damage|p1a: Amoonguss|159/321 brn|[from] Stealth Rock\n|switch|p2a: Reuniclus|Reuniclus, L88, M|186/337 par\n|\n|-damage|p1a: Amoonguss|139/321 brn|[from] brn\n|upkeep\n|turn|18\n|\n|t:|1782752253\n|switch|p1a: Dudunsparce|Dudunsparce-Three-Segment, L83, M|307/343\n|-damage|p1a: Dudunsparce|265/343|[from] Stealth Rock\n|move|p2a: Reuniclus|Recover|p2a: Reuniclus\n|-heal|p2a: Reuniclus|337/337 par\n|\n|-heal|p1a: Dudunsparce|286/343|[from] item: Leftovers\n|upkeep\n|turn|19\n|\n|t:|1782752260\n|switch|p2a: Umbreon|Umbreon, L84, M|297/297\n|move|p1a: Dudunsparce|Headbutt|p2a: Umbreon\n|-damage|p2a: Umbreon|233/297\n|\n|-heal|p2a: Umbreon|251/297|[from] item: Leftovers\n|-heal|p1a: Dudunsparce|307/343|[from] item: Leftovers\n|upkeep\n|turn|20\n|\n|t:|1782752268\n|move|p2a: Umbreon|Toxic|p1a: Dudunsparce|[miss]\n|-miss|p2a: Umbreon|p1a: Dudunsparce\n|move|p1a: Dudunsparce|Glare|p2a: Umbreon\n|-status|p2a: Umbreon|par\n|-activate|p2a: Umbreon|ability: Synchronize\n|-status|p1a: Dudunsparce|par\n|\n|-heal|p2a: Umbreon|269/297 par|[from] item: Leftovers\n|-heal|p1a: Dudunsparce|328/343 par|[from] item: Leftovers\n|upkeep\n|turn|21\n|\n|t:|1782752275\n|move|p2a: Umbreon|Wish|p2a: Umbreon\n|cant|p1a: Dudunsparce|par\n|\n|-heal|p2a: Umbreon|287/297 par|[from] item: Leftovers\n|-heal|p1a: Dudunsparce|343/343 par|[from] item: Leftovers\n|upkeep\n|turn|22\n|inactive|moosie15 has 120 seconds left.\n|\n|t:|1782752314\n|switch|p2a: Iron Boulder|Iron Boulder, L77|169/265\n|cant|p1a: Dudunsparce|par\n|\n|-heal|p2a: Iron Boulder|265/265|[from] move: Wish|[wisher] Umbreon\n|upkeep\n|turn|23\n|\n|t:|1782752319\n|-end|p2a: Iron Boulder|Quark Drive|[silent]\n|switch|p2a: Umbreon|Umbreon, L84, M|287/297 par\n|cant|p1a: Dudunsparce|par\n|\n|-heal|p2a: Umbreon|297/297 par|[from] item: Leftovers\n|upkeep\n|turn|24\n|inactive|moosie15 has 120 seconds left.\n|\n|t:|1782752357\n|move|p2a: Umbreon|Wish|p2a: Umbreon\n|cant|p1a: Dudunsparce|par\n|\n|upkeep\n|turn|25\n|\n|t:|1782752360\n|switch|p2a: Rhydon|Rhydon, L85, M|239/317\n|move|p1a: Dudunsparce|Glare|p2a: Rhydon\n|-status|p2a: Rhydon|par\n|\n|-heal|p2a: Rhydon|317/317 par|[from] move: Wish|[wisher] Umbreon\n|upkeep\n|turn|26\n|\n|t:|1782752370\n|move|p1a: Dudunsparce|Earthquake|p2a: Rhydon\n|-supereffective|p2a: Rhydon\n|-damage|p2a: Rhydon|215/317 par\n|move|p2a: Rhydon|Earthquake|p1a: Dudunsparce\n|-damage|p1a: Dudunsparce|190/343 par\n|\n|-heal|p1a: Dudunsparce|211/343 par|[from] item: Leftovers\n|upkeep\n|turn|27\n|\n|t:|1782752378\n|move|p1a: Dudunsparce|Earthquake|p2a: Rhydon\n|-supereffective|p2a: Rhydon\n|-damage|p2a: Rhydon|109/317 par\n|move|p2a: Rhydon|Earthquake|p1a: Dudunsparce\n|-damage|p1a: Dudunsparce|60/343 par\n|\n|-heal|p1a: Dudunsparce|81/343 par|[from] item: Leftovers\n|upkeep\n|turn|28\n|\n|t:|1782752384\n|switch|p2a: Umbreon|Umbreon, L84, M|297/297 par\n|move|p1a: Dudunsparce|Roost|p1a: Dudunsparce\n|-heal|p1a: Dudunsparce|253/343 par\n|-singleturn|p1a: Dudunsparce|move: Roost\n|\n|-heal|p1a: Dudunsparce|274/343 par|[from] item: Leftovers\n|upkeep\n|turn|29\n|\n|t:|1782752401\n|cant|p2a: Umbreon|par\n|move|p1a: Dudunsparce|Headbutt|p2a: Umbreon\n|-damage|p2a: Umbreon|230/297 par\n|\n|-heal|p2a: Umbreon|248/297 par|[from] item: Leftovers\n|-heal|p1a: Dudunsparce|295/343 par|[from] item: Leftovers\n|upkeep\n|turn|30\n|\n|t:|1782752413\n|switch|p1a: Amoonguss|Amoonguss, L82, M|246/321 brn\n|-damage|p1a: Amoonguss|206/321 brn|[from] Stealth Rock\n|move|p2a: Umbreon|Wish|p2a: Umbreon\n|\n|-heal|p2a: Umbreon|266/297 par|[from] item: Leftovers\n|-damage|p1a: Amoonguss|186/321 brn|[from] brn\n|upkeep\n|turn|31\n|\n|t:|1782752421\n|switch|p2a: Reuniclus|Reuniclus, L88, M|337/337 par\n|move|p1a: Amoonguss|Giga Drain|p2a: Reuniclus\n|-damage|p2a: Reuniclus|270/337 par\n|-heal|p1a: Amoonguss|220/321 brn|[from] drain|[of] p2a: Reuniclus\n|\n|-heal|p2a: Reuniclus|337/337 par|[from] move: Wish|[wisher] Umbreon\n|-damage|p1a: Amoonguss|200/321 brn|[from] brn\n|upkeep\n|turn|32\n|\n|t:|1782752431\n|switch|p1a: Dudunsparce|Dudunsparce-Three-Segment, L83, M|295/343 par\n|-damage|p1a: Dudunsparce|253/343 par|[from] Stealth Rock\n|move|p2a: Reuniclus|Psyshock|p1a: Dudunsparce\n|-damage|p1a: Dudunsparce|101/343 par\n|\n|-heal|p1a: Dudunsparce|122/343 par|[from] item: Leftovers\n|upkeep\n|turn|33\n|\n|t:|1782752449\n|switch|p2a: Umbreon|Umbreon, L84, M|266/297 par\n|move|p1a: Dudunsparce|Roost|p1a: Dudunsparce\n|-heal|p1a: Dudunsparce|294/343 par\n|-singleturn|p1a: Dudunsparce|move: Roost\n|\n|-heal|p2a: Umbreon|284/297 par|[from] item: Leftovers\n|-heal|p1a: Dudunsparce|315/343 par|[from] item: Leftovers\n|upkeep\n|turn|34\n|\n|t:|1782752458\n|move|p2a: Umbreon|Wish|p2a: Umbreon\n|cant|p1a: Dudunsparce|par\n|\n|-heal|p2a: Umbreon|297/297 par|[from] item: Leftovers\n|-heal|p1a: Dudunsparce|336/343 par|[from] item: Leftovers\n|upkeep\n|turn|35\n|\n|t:|1782752469\n|switch|p2a: Rhydon|Rhydon, L85, M|109/317 par\n|cant|p1a: Dudunsparce|par\n|\n|-heal|p2a: Rhydon|257/317 par|[from] move: Wish|[wisher] Umbreon\n|-heal|p1a: Dudunsparce|343/343 par|[from] item: Leftovers\n|upkeep\n|turn|36\n|\n|t:|1782752473\n|move|p1a: Dudunsparce|Earthquake|p2a: Rhydon\n|-supereffective|p2a: Rhydon\n|-damage|p2a: Rhydon|137/317 par\n|move|p2a: Rhydon|Earthquake|p1a: Dudunsparce\n|-damage|p1a: Dudunsparce|199/343 par\n|\n|-heal|p1a: Dudunsparce|220/343 par|[from] item: Leftovers\n|upkeep\n|turn|37\n|\n|t:|1782752494\n|switch|p2a: Umbreon|Umbreon, L84, M|297/297 par\n|cant|p1a: Dudunsparce|par\n|\n|-heal|p1a: Dudunsparce|241/343 par|[from] item: Leftovers\n|upkeep\n|turn|38\n|\n|t:|1782752501\n|move|p2a: Umbreon|Wish|p2a: Umbreon\n|cant|p1a: Dudunsparce|par\n|\n|-heal|p1a: Dudunsparce|262/343 par|[from] item: Leftovers\n|upkeep\n|turn|39\n|\n|t:|1782752520\n|switch|p2a: Rhydon|Rhydon, L85, M|137/317 par\n|cant|p1a: Dudunsparce|par\n|\n|-heal|p2a: Rhydon|285/317 par|[from] move: Wish|[wisher] Umbreon\n|-heal|p1a: Dudunsparce|283/343 par|[from] item: Leftovers\n|upkeep\n|turn|40\n|\n|t:|1782752528\n|move|p1a: Dudunsparce|Earthquake|p2a: Rhydon\n|-supereffective|p2a: Rhydon\n|-damage|p2a: Rhydon|181/317 par\n|move|p2a: Rhydon|Stone Edge|p1a: Dudunsparce\n|-damage|p1a: Dudunsparce|129/343 par\n|\n|-heal|p1a: Dudunsparce|150/343 par|[from] item: Leftovers\n|upkeep\n|turn|41\n|\n|t:|1782752536\n|switch|p2a: Umbreon|Umbreon, L84, M|297/297 par\n|move|p1a: Dudunsparce|Roost|p1a: Dudunsparce\n|-heal|p1a: Dudunsparce|322/343 par\n|-singleturn|p1a: Dudunsparce|move: Roost\n|\n|-heal|p1a: Dudunsparce|343/343 par|[from] item: Leftovers\n|upkeep\n|turn|42\n|\n|t:|1782752543\n|switch|p1a: Amoonguss|Amoonguss, L82, M|307/321 brn\n|-damage|p1a: Amoonguss|267/321 brn|[from] Stealth Rock\n|cant|p2a: Umbreon|par\n|\n|-damage|p1a: Amoonguss|247/321 brn|[from] brn\n|upkeep\n|turn|43\n|\n|t:|1782752551\n|switch|p1a: Gumshoos|Gumshoos, L95, F|321/321\n|-damage|p1a: Gumshoos|281/321|[from] Stealth Rock\n|move|p2a: Umbreon|Wish|p2a: Umbreon\n|\n|upkeep\n|turn|44\n|inactive|moosie15 has 120 seconds left.\n|\n|t:|1782752587\n|move|p1a: Gumshoos|U-turn|p2a: Umbreon\n|-supereffective|p2a: Umbreon\n|-damage|p2a: Umbreon|121/297 par\n|\n|t:|1782752589\n|switch|p1a: Dudunsparce|Dudunsparce-Three-Segment, L83, M|343/343 par|[from] U-turn\n|-damage|p1a: Dudunsparce|301/343 par|[from] Stealth Rock\n|cant|p2a: Umbreon|par\n|\n|-heal|p2a: Umbreon|269/297 par|[from] move: Wish|[wisher] Umbreon\n|-heal|p2a: Umbreon|287/297 par|[from] item: Leftovers\n|-heal|p1a: Dudunsparce|322/343 par|[from] item: Leftovers\n|upkeep\n|turn|45\n|inactive|moosie15 has 120 seconds left.\n|\n|t:|1782752610\n|move|p2a: Umbreon|Wish|p2a: Umbreon\n|cant|p1a: Dudunsparce|par\n|\n|-heal|p2a: Umbreon|297/297 par|[from] item: Leftovers\n|-heal|p1a: Dudunsparce|343/343 par|[from] item: Leftovers\n|upkeep\n|turn|46\n|\n|t:|1782752615\n|switch|p2a: Rhydon|Rhydon, L85, M|181/317 par\n|move|p1a: Dudunsparce|Earthquake|p2a: Rhydon\n|-supereffective|p2a: Rhydon\n|-damage|p2a: Rhydon|73/317 par\n|\n|-heal|p2a: Rhydon|221/317 par|[from] move: Wish|[wisher] Umbreon\n|upkeep\n|turn|47\n|inactive|moosie15 has 120 seconds left.\n|\n|t:|1782752636\n|move|p1a: Dudunsparce|Earthquake|p2a: Rhydon\n|-supereffective|p2a: Rhydon\n|-damage|p2a: Rhydon|107/317 par\n|move|p2a: Rhydon|Stone Edge|p1a: Dudunsparce|[miss]\n|-miss|p2a: Rhydon|p1a: Dudunsparce\n|\n|upkeep\n|turn|48\n|inactive|moosie15 has 120 seconds left.\n|\n|t:|1782752652\n|switch|p1a: Hitmonlee|Hitmonlee, L85, M|173/223\n|-damage|p1a: Hitmonlee|160/223|[from] Stealth Rock\n|switch|p2a: Umbreon|Umbreon, L84, M|297/297 par\n|\n|upkeep\n|turn|49\n|\n|t:|1782752658\n|switch|p2a: Toxapex|Toxapex, L82, F|216/216\n|move|p1a: Hitmonlee|High Jump Kick|p2a: Toxapex\n|-resisted|p2a: Toxapex\n|-damage|p2a: Toxapex|145/216\n|\n|upkeep\n|turn|50\n|\n|t:|1782752668\n|move|p1a: Hitmonlee|High Jump Kick|p2a: Toxapex\n|-resisted|p2a: Toxapex\n|-damage|p2a: Toxapex|83/216\n|move|p2a: Toxapex|Liquidation|p1a: Hitmonlee\n|-damage|p1a: Hitmonlee|76/223\n|\n|upkeep\n|turn|51\n|\n|t:|1782752672\n|switch|p1a: Amoonguss|Amoonguss, L82, M|321/321 brn\n|-damage|p1a: Amoonguss|281/321 brn|[from] Stealth Rock\n|move|p2a: Toxapex|Recover|p2a: Toxapex\n|-heal|p2a: Toxapex|191/216\n|\n|-damage|p1a: Amoonguss|261/321 brn|[from] brn\n|upkeep\n|turn|52\n|\n|t:|1782752679\n|switch|p2a: Umbreon|Umbreon, L84, M|297/297 par\n|switch|p1a: Gumshoos|Gumshoos, L95, F|281/321\n|-damage|p1a: Gumshoos|241/321|[from] Stealth Rock\n|\n|upkeep\n|turn|53\n|inactive|moosie15 has 120 seconds left.\n|\n|t:|1782752712\n|move|p1a: Gumshoos|U-turn|p2a: Umbreon\n|-supereffective|p2a: Umbreon\n|-damage|p2a: Umbreon|123/297 par\n|\n|t:|1782752716\n|switch|p1a: Hitmonlee|Hitmonlee, L85, M|76/223|[from] U-turn\n|-damage|p1a: Hitmonlee|63/223|[from] Stealth Rock\n|move|p2a: Umbreon|Wish|p2a: Umbreon\n|\n|-heal|p2a: Umbreon|141/297 par|[from] item: Leftovers\n|upkeep\n|turn|54\n|\n|t:|1782752726\n|switch|p2a: Toxapex|Toxapex, L82, F|216/216\n|move|p1a: Hitmonlee|Knock Off|p2a: Toxapex\n|-damage|p2a: Toxapex|176/216\n|\n|-heal|p2a: Toxapex|216/216|[from] move: Wish|[wisher] Umbreon\n|upkeep\n|turn|55\n|\n|t:|1782752731\n|switch|p1a: Amoonguss|Amoonguss, L82, M|321/321 brn\n|-damage|p1a: Amoonguss|281/321 brn|[from] Stealth Rock\n|move|p2a: Toxapex|Liquidation|p1a: Amoonguss\n|-resisted|p1a: Amoonguss\n|-damage|p1a: Amoonguss|244/321 brn\n|-unboost|p1a: Amoonguss|def|1\n|-damage|p2a: Toxapex|180/216|[from] item: Rocky Helmet|[of] p1a: Amoonguss\n|\n|-damage|p1a: Amoonguss|224/321 brn|[from] brn\n|upkeep\n|turn|56\n|\n|t:|1782752756\n|move|p2a: Toxapex|Liquidation|p1a: Amoonguss\n|-resisted|p1a: Amoonguss\n|-damage|p1a: Amoonguss|170/321 brn\n|-damage|p2a: Toxapex|144/216|[from] item: Rocky Helmet|[of] p1a: Amoonguss\n|move|p1a: Amoonguss|Sludge Bomb|p2a: Toxapex\n|-resisted|p2a: Toxapex\n|-damage|p2a: Toxapex|117/216\n|\n|-damage|p1a: Amoonguss|150/321 brn|[from] brn\n|upkeep\n|turn|57\n|\n|t:|1782752765\n|switch|p2a: Reuniclus|Reuniclus, L88, M|337/337 par\n|move|p1a: Amoonguss|Sludge Bomb|p2a: Reuniclus\n|-damage|p2a: Reuniclus|252/337 par\n|\n|-damage|p1a: Amoonguss|130/321 brn|[from] brn\n|upkeep\n|turn|58\n|\n|t:|1782752773\n|switch|p1a: Dudunsparce|Dudunsparce-Three-Segment, L83, M|343/343 par\n|-damage|p1a: Dudunsparce|301/343 par|[from] Stealth Rock\n|move|p2a: Reuniclus|Psyshock|p1a: Dudunsparce\n|-damage|p1a: Dudunsparce|141/343 par\n|\n|-heal|p1a: Dudunsparce|162/343 par|[from] item: Leftovers\n|upkeep\n|turn|59\n|inactive|moosie15 has 120 seconds left.\n|\n|t:|1782752820\n|switch|p2a: Toxapex|Toxapex, L82, F|189/216\n|cant|p1a: Dudunsparce|par\n|\n|-heal|p1a: Dudunsparce|183/343 par|[from] item: Leftovers\n|upkeep\n|turn|60\n|\n|t:|1782752830\n|switch|p2a: Umbreon|Umbreon, L84, M|141/297 par\n|move|p1a: Dudunsparce|Headbutt|p2a: Umbreon\n|-damage|p2a: Umbreon|72/297 par\n|\n|-heal|p2a: Umbreon|90/297 par|[from] item: Leftovers\n|-heal|p1a: Dudunsparce|204/343 par|[from] item: Leftovers\n|upkeep\n|turn|61\n|inactive|moosie15 has 120 seconds left.\n|\n|t:|1782752838\n|move|p2a: Umbreon|Wish|p2a: Umbreon\n|cant|p1a: Dudunsparce|par\n|\n|-heal|p2a: Umbreon|108/297 par|[from] item: Leftovers\n|-heal|p1a: Dudunsparce|225/343 par|[from] item: Leftovers\n|upkeep\n|turn|62\n|\n|t:|1782752842\n|move|p2a: Umbreon|Protect|p2a: Umbreon\n|-singleturn|p2a: Umbreon|Protect\n|cant|p1a: Dudunsparce|par\n|\n|-heal|p2a: Umbreon|256/297 par|[from] move: Wish|[wisher] Umbreon\n|-heal|p2a: Umbreon|274/297 par|[from] item: Leftovers\n|-heal|p1a: Dudunsparce|246/343 par|[from] item: Leftovers\n|upkeep\n|turn|63\n|\n|t:|1782752849\n|move|p2a: Umbreon|Wish|p2a: Umbreon\n|move|p1a: Dudunsparce|Headbutt|p2a: Umbreon\n|-damage|p2a: Umbreon|207/297 par\n|\n|-heal|p2a: Umbreon|225/297 par|[from] item: Leftovers\n|-heal|p1a: Dudunsparce|267/343 par|[from] item: Leftovers\n|upkeep\n|turn|64\n|\n|t:|1782752854\n|switch|p2a: Rhydon|Rhydon, L85, M|107/317 par\n|move|p1a: Dudunsparce|Earthquake|p2a: Rhydon\n|-supereffective|p2a: Rhydon\n|-damage|p2a: Rhydon|0 fnt\n|faint|p2a: Rhydon\n|\n|-heal|p1a: Dudunsparce|288/343 par|[from] item: Leftovers\n|upkeep\n|\n|t:|1782752858\n|switch|p2a: Iron Boulder|Iron Boulder, L77|265/265\n|turn|65\n|\n|t:|1782752864\n|-terastallize|p1a: Dudunsparce|Ground\n|move|p2a: Iron Boulder|Close Combat|p1a: Dudunsparce\n|-damage|p1a: Dudunsparce|170/343 par\n|-unboost|p2a: Iron Boulder|def|1\n|-unboost|p2a: Iron Boulder|spd|1\n|-damage|p2a: Iron Boulder|239/265|[from] item: Life Orb\n|move|p1a: Dudunsparce|Glare|p2a: Iron Boulder\n|-status|p2a: Iron Boulder|par\n|\n|-heal|p1a: Dudunsparce|191/343 par|[from] item: Leftovers\n|upkeep\n|turn|66\n|\n|t:|1782752882\n|-end|p2a: Iron Boulder|Quark Drive|[silent]\n|switch|p2a: Umbreon|Umbreon, L84, M|225/297 par\n|move|p1a: Dudunsparce|Roost|p1a: Dudunsparce\n|-heal|p1a: Dudunsparce|343/343 par\n|\n|-heal|p2a: Umbreon|243/297 par|[from] item: Leftovers\n|upkeep\n|turn|67\n|\n|t:|1782752891\n|switch|p1a: Hitmonlee|Hitmonlee, L85, M|63/223\n|-damage|p1a: Hitmonlee|50/223|[from] Stealth Rock\n|move|p2a: Umbreon|Wish|p2a: Umbreon\n|\n|-heal|p2a: Umbreon|261/297 par|[from] item: Leftovers\n|upkeep\n|turn|68\n|\n|t:|1782752903\n|switch|p1a: Amoonguss|Amoonguss, L82, M|237/321 brn\n|-damage|p1a: Amoonguss|197/321 brn|[from] Stealth Rock\n|switch|p2a: Reuniclus|Reuniclus, L88, M|252/337 par\n|\n|-heal|p2a: Reuniclus|337/337 par|[from] move: Wish|[wisher] Umbreon\n|-damage|p1a: Amoonguss|177/321 brn|[from] brn\n|upkeep\n|turn|69\n|\n|t:|1782752914\n|switch|p1a: Hitmonlee|Hitmonlee, L85, M|50/223\n|-damage|p1a: Hitmonlee|37/223|[from] Stealth Rock\n|cant|p2a: Reuniclus|par\n|\n|upkeep\n|turn|70\n|\n|t:|1782752920\n|switch|p2a: Toxapex|Toxapex, L82, F|216/216\n|move|p1a: Hitmonlee|Knock Off|p2a: Toxapex\n|-damage|p2a: Toxapex|176/216\n|\n|upkeep\n|turn|71\n|\n|t:|1782752933\n|switch|p1a: Amoonguss|Amoonguss, L82, M|284/321 brn\n|-damage|p1a: Amoonguss|244/321 brn|[from] Stealth Rock\n|move|p2a: Toxapex|Liquidation|p1a: Amoonguss\n|-resisted|p1a: Amoonguss\n|-damage|p1a: Amoonguss|204/321 brn\n|-damage|p2a: Toxapex|140/216|[from] item: Rocky Helmet|[of] p1a: Amoonguss\n|\n|-damage|p1a: Amoonguss|184/321 brn|[from] brn\n|upkeep\n|turn|72\n|\n|t:|1782752940\n|switch|p2a: Reuniclus|Reuniclus, L88, M|337/337 par\n|move|p1a: Amoonguss|Sludge Bomb|p2a: Reuniclus\n|-damage|p2a: Reuniclus|258/337 par\n|\n|-damage|p1a: Amoonguss|164/321 brn|[from] brn\n|upkeep\n|turn|73\n|\n|t:|1782752955\n|move|p1a: Amoonguss|Sludge Bomb|p2a: Reuniclus\n|-damage|p2a: Reuniclus|176/337 par\n|move|p2a: Reuniclus|Psyshock|p1a: Amoonguss\n|-supereffective|p1a: Amoonguss\n|-damage|p1a: Amoonguss|0 fnt\n|faint|p1a: Amoonguss\n|\n|upkeep\n|\n|t:|1782752959\n|switch|p1a: Gumshoos|Gumshoos, L95, F|241/321\n|-damage|p1a: Gumshoos|201/321|[from] Stealth Rock\n|turn|74\n|\n|t:|1782752963\n|switch|p2a: Toxapex|Toxapex, L82, F|212/216\n|move|p1a: Gumshoos|Earthquake|p2a: Toxapex\n|-supereffective|p2a: Toxapex\n|-damage|p2a: Toxapex|12/216\n|\n|upkeep\n|turn|75\n|\n|t:|1782752974\n|switch|p2a: Reuniclus|Reuniclus, L88, M|176/337 par\n|move|p1a: Gumshoos|Earthquake|p2a: Reuniclus\n|-damage|p2a: Reuniclus|1/337 par\n|\n|upkeep\n|turn|76\n|\n|t:|1782752978\n|move|p1a: Gumshoos|Earthquake|p2a: Reuniclus\n|-crit|p2a: Reuniclus\n|-damage|p2a: Reuniclus|0 fnt\n|faint|p2a: Reuniclus\n|\n|upkeep\n|\n|t:|1782752982\n|switch|p2a: Umbreon|Umbreon, L84, M|261/297 par\n|turn|77\n|\n|t:|1782752986\n|switch|p1a: Dudunsparce|Dudunsparce-Three-Segment, L83, M, tera:Ground|343/343 par\n|-damage|p1a: Dudunsparce|322/343 par|[from] Stealth Rock\n|move|p2a: Umbreon|Wish|p2a: Umbreon\n|\n|-heal|p2a: Umbreon|279/297 par|[from] item: Leftovers\n|-heal|p1a: Dudunsparce|343/343 par|[from] item: Leftovers\n|upkeep\n|turn|78\n|\n|t:|1782753000\n|switch|p2a: Toxapex|Toxapex, L82, F|84/216\n|move|p1a: Dudunsparce|Earthquake|p2a: Toxapex\n|-supereffective|p2a: Toxapex\n|-damage|p2a: Toxapex|0 fnt\n|faint|p2a: Toxapex\n|\n|upkeep\n|\n|t:|1782753001\n|switch|p2a: Iron Boulder|Iron Boulder, L77|239/265 par\n|turn|79\n|\n|t:|1782753005\n|-terastallize|p2a: Iron Boulder|Fighting\n|move|p2a: Iron Boulder|Swords Dance|p2a: Iron Boulder\n|-boost|p2a: Iron Boulder|atk|2\n|move|p1a: Dudunsparce|Earthquake|p2a: Iron Boulder\n|-damage|p2a: Iron Boulder|112/265 par\n|\n|upkeep\n|turn|80\n|\n|t:|1782753015\n|switch|p1a: Hitmonlee|Hitmonlee, L85, M|37/223\n|-damage|p1a: Hitmonlee|24/223|[from] Stealth Rock\n|move|p2a: Iron Boulder|Close Combat|p1a: Hitmonlee\n|-damage|p1a: Hitmonlee|0 fnt\n|-unboost|p2a: Iron Boulder|def|1\n|-unboost|p2a: Iron Boulder|spd|1\n|faint|p1a: Hitmonlee\n|-damage|p2a: Iron Boulder|86/265 par|[from] item: Life Orb\n|\n|upkeep\n|\n|t:|1782753019\n|switch|p1a: Gumshoos|Gumshoos, L95, F|201/321\n|-damage|p1a: Gumshoos|161/321|[from] Stealth Rock\n|turn|81\n|\n|t:|1782753027\n|-end|p2a: Iron Boulder|Quark Drive|[silent]\n|switch|p2a: Umbreon|Umbreon, L84, M|279/297 par\n|move|p1a: Gumshoos|Double-Edge|p2a: Umbreon\n|-damage|p2a: Umbreon|0 fnt\n|faint|p2a: Umbreon\n|-damage|p1a: Gumshoos|69/321|[from] Recoil\n|\n|upkeep\n|-message|moosie15 forfeited.\n|\n|win|ColdWaterSteam\n|raw|ColdWaterSteam's rating: 2241 &rarr; <strong>2260</strong><br />(+19 for winning)\n|raw|moosie15's rating: 2219 &rarr; <strong>2200</strong><br />(-19 for losing)\n|l|\u203dmoosie15\n|player|p2|\n", "inputlog": ">version f8ac14003a5f27e1bdc8d8c59608a773c1cb96e5\n>start {\"formatid\":\"gen9randombattle\",\"seed\":\"sodium,051446aac3569336ec9abf99f407fbd7\",\"rated\":\"Rated battle\"}\n>player p1 {\"name\":\"ColdWaterSteam\",\"avatar\":\"1\",\"rating\":2241,\"seed\":\"sodium,893a63b43da53256c79b0f316421a537\"}\n>player p2 {\"name\":\"moosie15\",\"avatar\":\"unknown\",\"rating\":2271,\"seed\":\"sodium,566e28e3b8821c5b4f423ac3ade24b05\"}\n>p1 move glare\n>p2 move focusblast\n>p1 move headbutt\n>p2 move focusblast\n>p1 move headbutt\n>p2 switch 4\n>p1 switch 4\n>p2 move toxic\n>p1 move gigadrain\n>p2 switch 2\n>p1 move spore\n>p2 move willowisp\n>p1 switch 2\n>p2 switch 4\n>p1 move knockoff\n>p2 switch 5\n>p1 switch 2\n>p2 move stealthrock\n>p1 move gigadrain\n>p2 switch 5\n>p1 switch 5\n>p2 move recover\n>p1 move nastyplot\n>p2 switch 4\n>p1 move psyshock\n>p2 move bravebird\n>p2 switch 3\n>p1 switch 5\n>p2 move mightycleave\n>p1 switch 5\n>p2 move mightycleave\n>p1 switch 3\n>p1 move knockoff\n>p2 switch 2\n>p1 switch 5\n>p2 switch 4\n>p1 switch 4\n>p2 move recover\n>p1 move headbutt\n>p2 switch 6\n>p1 move glare\n>p2 move toxic\n>p1 move headbutt\n>p2 move wish\n>p1 move glare\n>p2 switch 2\n>p1 move glare\n>p2 switch 2\n>p1 move headbutt\n>p2 move wish\n>p1 move glare\n>p2 switch 5\n>p1 move earthquake\n>p2 move earthquake\n>p1 move earthquake\n>p2 move earthquake\n>p1 move roost\n>p2 switch 5\n>p1 move headbutt\n>p2 move wish\n>p1 switch 4\n>p2 move wish\n>p1 move gigadrain\n>p2 switch 6\n>p1 switch 4\n>p2 move psyshock\n>p1 move roost\n>p2 switch 6\n>p1 move headbutt\n>p2 move wish\n>p1 move earthquake\n>p2 switch 5\n>p1 move earthquake\n>p2 move earthquake\n>p1 move earthquake\n>p2 switch 5\n>p1 move earthquake\n>p2 move wish\n>p1 move glare\n>p2 switch 5\n>p1 move earthquake\n>p2 move stoneedge\n>p1 move roost\n>p2 switch 5\n>p1 switch 4\n>p2 move wish\n>p1 switch 2\n>p2 move wish\n>p1 move uturn\n>p2 move foulplay\n>p1 switch 4\n>p1 move headbutt\n>p2 move wish\n>p1 move earthquake\n>p2 switch 5\n>p1 move earthquake\n>p2 move stoneedge\n>p1 switch 5\n>p2 switch 5\n>p1 move highjumpkick\n>p2 switch 4\n>p1 move highjumpkick\n>p2 move liquidation\n>p1 switch 2\n>p2 move recover\n>p1 switch 4\n>p2 switch 4\n>p1 move uturn\n>p2 move wish\n>p1 switch 2\n>p1 move knockoff\n>p2 switch 4\n>p1 switch 4\n>p2 move liquidation\n>p1 move sludgebomb\n>p2 move liquidation\n>p1 move sludgebomb\n>p2 switch 6\n>p1 switch 5\n>p2 move psyshock\n>p1 move headbutt\n>p2 switch 6\n>p1 move headbutt\n>p2 switch 4\n>p1 move headbutt\n>p2 move wish\n>p1 move headbutt\n>p2 move protect\n>p1 move headbutt\n>p2 move wish\n>p1 move earthquake\n>p2 switch 5\n>p2 switch 2\n>p1 move glare terastallize\n>p2 move closecombat\n>p1 move roost\n>p2 switch 5\n>p1 switch 4\n>p2 move wish\n>p1 switch 5\n>p2 switch 6\n>p1 switch 5\n>p2 move psyshock\n>p1 move knockoff\n>p2 switch 4\n>p1 switch 5\n>p2 move liquidation\n>p1 move sludgebomb\n>p2 switch 4\n>p1 move sludgebomb\n>p2 move psyshock\n>p1 switch 2\n>p1 move earthquake\n>p2 switch 4\n>p1 move earthquake\n>p2 switch 4\n>p1 move earthquake\n>p2 move recover\n>p2 switch 6\n>p1 switch 4\n>p2 move wish\n>p1 move earthquake\n>p2 switch 4\n>p2 switch 5\n>p1 move earthquake\n>p2 move swordsdance terastallize\n>p1 switch 5\n>p2 move closecombat\n>p1 switch 4\n>p1 move doubleedge\n>p2 switch 4\n>forcelose p2", "uploadtime": 1782753063, "views": 6, "formatid": "gen9randombattle", "rating": 2200, "private": 0, "password": null, "player_dets": [{"name": "ColdWaterSteam", "avatar": "1", "rating": 2241, "seed": "sodium,893a63b43da53256c79b0f316421a537"}, {"name": "moosie15", "avatar": "unknown", "rating": 2271, "seed": "sodium,566e28e3b8821c5b4f423ac3ade24b05"}], "teams_full": [{"Dudunsparce": {"name": "Dudunsparce", "species": "Dudunsparce-Three-Segment", "speciesId": "dudunsparce", "gender": "M", "shiny": false, "level": 83, "moves": ["glare", "headbutt", "earthquake", "roost"], "ability": "Serene Grace", "evs": {"hp": 85, "atk": 85, "def": 85, "spa": 85, "spd": 85, "spe": 85}, "ivs": {"hp": 31, "atk": 31, "def": 31, "spa": 31, "spd": 31, "spe": 31}, "item": "Leftovers", "teraType": "Ground", "role": "Bulky Support", "bvs": {"hp": 125, "atk": 100, "def": 80, "spa": 85, "spd": 75, "spe": 55}, "stats": {"hp": 343, "atk": 214, "def": 180, "spa": 189, "spd": 172, "spe": 139}, "types": ["Normal"]}, "Gumshoos": {"name": "Gumshoos", "species": "Gumshoos", "speciesId": "gumshoos", "gender": "F", "shiny": false, "level": 95, "moves": ["knockoff", "uturn", "doubleedge", "earthquake"], "ability": "Adaptability", "evs": {"hp": 85, "atk": 85, "def": 85, "spa": 85, "spd": 85, "spe": 85}, "ivs": {"hp": 31, "atk": 31, "def": 31, "spa": 31, "spd": 31, "spe": 31}, "item": "Choice Band", "teraType": "Ground", "role": "Fast Attacker", "bvs": {"hp": 88, "atk": 110, "def": 60, "spa": 55, "spd": 60, "spe": 45}, "stats": {"hp": 321, "atk": 263, "def": 168, "spa": 158, "spd": 168, "spe": 139}, "types": ["Normal"]}, "Hitmonlee": {"name": "Hitmonlee", "species": "Hitmonlee", "speciesId": "hitmonlee", "gender": "M", "shiny": false, "level": 85, "moves": ["stoneedge", "poisonjab", "knockoff", "highjumpkick"], "ability": "Reckless", "evs": {"hp": 81, "atk": 85, "def": 85, "spa": 85, "spd": 85, "spe": 85}, "ivs": {"hp": 31, "atk": 31, "def": 31, "spa": 31, "spd": 31, "spe": 31}, "item": "Choice Scarf", "teraType": "Fighting", "role": "Fast Attacker", "bvs": {"hp": 50, "atk": 120, "def": 53, "spa": 35, "spd": 110, "spe": 87}, "stats": {"hp": 223, "atk": 253, "def": 139, "spa": 108, "spd": 236, "spe": 197}, "types": ["Fighting"]}, "Amoonguss": {"name": "Amoonguss", "species": "Amoonguss", "speciesId": "amoonguss", "gender": "M", "shiny": false, "level": 82, "moves": ["clearsmog", "sludgebomb", "gigadrain", "spore"], "ability": "Regenerator", "evs": {"hp": 85, "atk": 0, "def": 85, "spa": 85, "spd": 85, "spe": 85}, "ivs": {"hp": 31, "atk": 0, "def": 31, "spa": 31, "spd": 31, "spe": 31}, "item": "Rocky Helmet", "teraType": "Water", "role": "Bulky Support", "bvs": {"hp": 114, "atk": 85, "def": 70, "spa": 85, "spd": 80, "spe": 30}, "stats": {"hp": 321, "atk": 144, "def": 162, "spa": 187, "spd": 178, "spe": 96}, "types": ["Grass", "Poison"]}, "Hoopa": {"name": "Hoopa", "species": "Hoopa", "speciesId": "hoopa", "gender": "N", "shiny": false, "level": 85, "moves": ["shadowball", "nastyplot", "focusblast", "psyshock"], "ability": "Magician", "evs": {"hp": 85, "atk": 0, "def": 85, "spa": 85, "spd": 85, "spe": 85}, "ivs": {"hp": 31, "atk": 0, "def": 31, "spa": 31, "spd": 31, "spe": 31}, "item": "Life Orb", "teraType": "Ghost", "role": "Fast Attacker", "bvs": {"hp": 80, "atk": 110, "def": 60, "spa": 150, "spd": 130, "spe": 70}, "stats": {"hp": 275, "atk": 192, "def": 151, "spa": 304, "spd": 270, "spe": 168}, "types": ["Psychic", "Ghost"]}, "Raging Bolt": {"name": "Raging Bolt", "species": "Raging Bolt", "speciesId": "ragingbolt", "gender": "N", "shiny": false, "level": 78, "moves": ["dracometeor", "thunderclap", "thunderbolt", "calmmind"], "ability": "Protosynthesis", "evs": {"hp": 85, "atk": 0, "def": 85, "spa": 85, "spd": 85, "spe": 85}, "ivs": {"hp": 31, "atk": 0, "def": 31, "spa": 31, "spd": 31, "spe": 31}, "item": "Leftovers", "teraType": "Fairy", "role": "Bulky Setup", "bvs": {"hp": 125, "atk": 73, "def": 91, "spa": 137, "spd": 89, "spe": 75}, "stats": {"hp": 323, "atk": 118, "def": 187, "spa": 259, "spd": 184, "spe": 162}, "types": ["Electric", "Dragon"]}}, {"Reuniclus": {"name": "Reuniclus", "species": "Reuniclus", "speciesId": "reuniclus", "gender": "M", "shiny": false, "level": 88, "moves": ["recover", "calmmind", "focusblast", "psyshock"], "ability": "Magic Guard", "evs": {"hp": 85, "atk": 0, "def": 85, "spa": 85, "spd": 85, "spe": 85}, "ivs": {"hp": 31, "atk": 0, "def": 31, "spa": 31, "spd": 31, "spe": 31}, "item": "Life Orb", "teraType": "Fighting", "role": "Bulky Setup", "bvs": {"hp": 110, "atk": 65, "def": 75, "spa": 125, "spd": 85, "spe": 30}, "stats": {"hp": 337, "atk": 119, "def": 182, "spa": 270, "spd": 200, "spe": 103}, "types": ["Psychic"]}, "Altaria": {"name": "Altaria", "species": "Altaria", "speciesId": "altaria", "gender": "F", "shiny": false, "level": 89, "moves": ["defog", "willowisp", "roost", "bravebird"], "ability": "Natural Cure", "evs": {"hp": 85, "atk": 85, "def": 85, "spa": 85, "spd": 85, "spe": 85}, "ivs": {"hp": 31, "atk": 31, "def": 31, "spa": 31, "spd": 31, "spe": 31}, "item": "Heavy-Duty Boots", "teraType": "Steel", "role": "Bulky Support", "bvs": {"hp": 75, "atk": 70, "def": 90, "spa": 70, "spd": 105, "spe": 80}, "stats": {"hp": 278, "atk": 175, "def": 211, "spa": 175, "spd": 238, "spe": 193}, "types": ["Dragon", "Flying"]}, "Iron Boulder": {"name": "Iron Boulder", "species": "Iron Boulder", "speciesId": "ironboulder", "gender": "N", "shiny": false, "level": 77, "moves": ["closecombat", "mightycleave", "swordsdance", "zenheadbutt"], "ability": "Quark Drive", "evs": {"hp": 85, "atk": 85, "def": 85, "spa": 85, "spd": 85, "spe": 85}, "ivs": {"hp": 31, "atk": 31, "def": 31, "spa": 31, "spd": 31, "spe": 31}, "item": "Life Orb", "teraType": "Fighting", "role": "Setup Sweeper", "bvs": {"hp": 90, "atk": 120, "def": 80, "spa": 68, "spd": 108, "spe": 124}, "stats": {"hp": 265, "atk": 229, "def": 168, "spa": 149, "spd": 211, "spe": 236}, "types": ["Rock", "Psychic"]}, "Toxapex": {"name": "Toxapex", "species": "Toxapex", "speciesId": "toxapex", "gender": "F", "shiny": false, "level": 82, "moves": ["liquidation", "toxic", "recover", "haze"], "ability": "Regenerator", "evs": {"hp": 85, "atk": 85, "def": 85, "spa": 85, "spd": 85, "spe": 85}, "ivs": {"hp": 31, "atk": 31, "def": 31, "spa": 31, "spd": 31, "spe": 31}, "item": "Rocky Helmet", "teraType": "Steel", "role": "Bulky Support", "bvs": {"hp": 50, "atk": 63, "def": 152, "spa": 53, "spd": 142, "spe": 35}, "stats": {"hp": 216, "atk": 150, "def": 296, "spa": 134, "spd": 280, "spe": 105}, "types": ["Poison", "Water"]}, "Rhydon": {"name": "Rhydon", "species": "Rhydon", "speciesId": "rhydon", "gender": "M", "shiny": false, "level": 85, "moves": ["earthquake", "stoneedge", "megahorn", "stealthrock"], "ability": "Lightning Rod", "evs": {"hp": 85, "atk": 85, "def": 85, "spa": 85, "spd": 85, "spe": 85}, "ivs": {"hp": 31, "atk": 31, "def": 31, "spa": 31, "spd": 31, "spe": 31}, "item": "Eviolite", "teraType": "Water", "role": "Bulky Attacker", "bvs": {"hp": 105, "atk": 130, "def": 120, "spa": 45, "spd": 45, "spe": 40}, "stats": {"hp": 317, "atk": 270, "def": 253, "spa": 125, "spd": 125, "spe": 117}, "types": ["Ground", "Rock"]}, "Umbreon": {"name": "Umbreon", "species": "Umbreon", "speciesId": "umbreon", "gender": "M", "shiny": false, "level": 84, "moves": ["protect", "toxic", "foulplay", "wish"], "ability": "Synchronize", "evs": {"hp": 85, "atk": 0, "def": 85, "spa": 85, "spd": 85, "spe": 85}, "ivs": {"hp": 31, "atk": 0, "def": 31, "spa": 31, "spd": 31, "spe": 31}, "item": "Leftovers", "teraType": "Poison", "role": "Bulky Support", "bvs": {"hp": 95, "atk": 65, "def": 110, "spa": 60, "spd": 130, "spe": 65}, "stats": {"hp": 297, "atk": 114, "def": 233, "spa": 149, "spd": 267, "spe": 157}, "types": ["Dark"]}}]}