{"id": "gen9randombattle-2641281752", "format": "[Gen 9] Random Battle", "players": ["amgonnacook", "tydirium_69"], "log": "|j|\u2606amgonnacook\n|j|\u2606tydirium_69\n|t:|1782762863\n|gametype|singles\n|player|p1|amgonnacook|170|1372\n|player|p2|tydirium_69|iris|1393\n|gen|9\n|tier|[Gen 9] Random Battle\n|rated|\n|rule|Species Clause: Limit one of each Pok\u00e9mon\n|rule|HP Percentage Mod: HP is shown in percentages\n|rule|Sleep Clause Mod: Limit one foe put to sleep\n|rule|Illusion Level Mod: Illusion disguises the Pok\u00e9mon's true level\n|\n|t:|1782762863\n|teamsize|p1|6\n|teamsize|p2|6\n|start\n|switch|p1a: Houndstone|Houndstone, L86, F|264/264\n|switch|p2a: Florges|Florges-Yellow, L85, F|271/271\n|turn|1\n|inactive|Battle timer is ON: inactive players will automatically lose when time's up. (requested by amgonnacook)\n|inactive|tydirium_69 has 120 seconds left.\n|\n|t:|1782762899\n|move|p2a: Florges|Calm Mind|p2a: Florges\n|-boost|p2a: Florges|spa|1\n|-boost|p2a: Florges|spd|1\n|move|p1a: Houndstone|Poltergeist|p2a: Florges|[miss]\n|-miss|p1a: Houndstone|p2a: Florges\n|\n|upkeep\n|turn|2\n|\n|t:|1782762911\n|move|p2a: Florges|Moonblast|p1a: Houndstone\n|-damage|p1a: Houndstone|113/264\n|move|p1a: Houndstone|Poltergeist|p2a: Florges\n|-activate|p2a: Florges|move: Poltergeist|Leftovers\n|-damage|p2a: Florges|130/271\n|\n|-heal|p2a: Florges|146/271|[from] item: Leftovers\n|-heal|p1a: Houndstone|129/264|[from] item: Leftovers\n|upkeep\n|turn|3\n|\n|t:|1782762927\n|switch|p1a: Iron Crown|Iron Crown, L78|268/268\n|move|p2a: Florges|Moonblast|p1a: Iron Crown\n|-resisted|p1a: Iron Crown\n|-damage|p1a: Iron Crown|183/268\n|\n|-heal|p1a: Iron Crown|199/268|[from] item: Leftovers\n|-heal|p2a: Florges|162/271|[from] item: Leftovers\n|upkeep\n|turn|4\n|\n|t:|1782762950\n|-terastallize|p2a: Florges|Ground\n|move|p1a: Iron Crown|Tachyon Cutter|p2a: Florges\n|-damage|p2a: Florges|140/271\n|-damage|p2a: Florges|115/271\n|-hitcount|p2a: Florges|2\n|move|p2a: Florges|Tera Blast|p1a: Iron Crown|[anim] Tera Blast Ground\n|-supereffective|p1a: Iron Crown\n|-damage|p1a: Iron Crown|0 fnt\n|faint|p1a: Iron Crown\n|-end|p1a: Iron Crown|Quark Drive|[silent]\n|\n|-heal|p2a: Florges|131/271|[from] item: Leftovers\n|upkeep\n|\n|t:|1782762968\n|switch|p1a: Scovillain|Scovillain, L91, F|266/266\n|turn|5\n|\n|t:|1782762982\n|move|p1a: Scovillain|Leech Seed|p2a: Florges\n|-start|p2a: Florges|move: Leech Seed\n|move|p2a: Florges|Synthesis|p2a: Florges\n|-heal|p2a: Florges|266/271\n|\n|-heal|p2a: Florges|271/271|[from] item: Leftovers\n|-damage|p2a: Florges|238/271|[from] Leech Seed|[of] p1a: Scovillain\n|upkeep\n|turn|6\n|\n|t:|1782762992\n|move|p1a: Scovillain|Substitute|p1a: Scovillain\n|-start|p1a: Scovillain|Substitute\n|-damage|p1a: Scovillain|200/266\n|move|p2a: Florges|Tera Blast|p1a: Scovillain|[anim] Tera Blast Ground\n|-end|p1a: Scovillain|Substitute\n|\n|-heal|p1a: Scovillain|216/266|[from] item: Leftovers\n|-heal|p2a: Florges|254/271|[from] item: Leftovers\n|-damage|p2a: Florges|221/271|[from] Leech Seed|[of] p1a: Scovillain\n|-heal|p1a: Scovillain|249/266|[silent]\n|upkeep\n|turn|7\n|\n|t:|1782763007\n|switch|p2a: Glimmora|Glimmora, L75, M|248/248\n|move|p1a: Scovillain|Protect||[still]\n|-fail|p1a: Scovillain\n|\n|-heal|p1a: Scovillain|265/266|[from] item: Leftovers\n|upkeep\n|turn|8\n|\n|t:|1782763022\n|move|p1a: Scovillain|Leech Seed|p2a: Glimmora\n|-start|p2a: Glimmora|move: Leech Seed\n|move|p2a: Glimmora|Meteor Beam||[still]\n|-prepare|p2a: Glimmora|Meteor Beam\n|-boost|p2a: Glimmora|spa|1\n|-enditem|p2a: Glimmora|Power Herb\n|-anim|p2a: Glimmora|Meteor Beam|p1a: Scovillain\n|-supereffective|p1a: Scovillain\n|-damage|p1a: Scovillain|0 fnt\n|faint|p1a: Scovillain\n|\n|upkeep\n|\n|t:|1782763040\n|switch|p1a: Regidrago|Regidrago, L77|435/435\n|turn|9\n|\n|t:|1782763054\n|move|p2a: Glimmora|Sludge Wave|p1a: Regidrago\n|-damage|p1a: Regidrago|174/435\n|-status|p1a: Regidrago|psn\n|move|p1a: Regidrago|Dragon Dance|p1a: Regidrago\n|-boost|p1a: Regidrago|atk|1\n|-boost|p1a: Regidrago|spe|1\n|\n|-damage|p2a: Glimmora|217/248|[from] Leech Seed|[of] p1a: Regidrago\n|-heal|p1a: Regidrago|205/435 psn|[silent]\n|-damage|p1a: Regidrago|151/435 psn|[from] psn\n|upkeep\n|turn|10\n|\n|t:|1782763067\n|move|p1a: Regidrago|Earthquake|p2a: Glimmora\n|-supereffective|p2a: Glimmora\n|-damage|p2a: Glimmora|0 fnt\n|-activate|p2a: Glimmora|ability: Toxic Debris\n|-sidestart|p1: amgonnacook|move: Toxic Spikes\n|faint|p2a: Glimmora\n|-damage|p1a: Regidrago|108/435 psn|[from] item: Life Orb\n|\n|-damage|p1a: Regidrago|54/435 psn|[from] psn\n|upkeep\n|inactive|tydirium_69 has 120 seconds left.\n|\n|t:|1782763102\n|switch|p2a: Falinks|Falinks, L84|246/246\n|turn|11\n|\n|t:|1782763108\n|move|p1a: Regidrago|Dragon Claw|p2a: Falinks\n|-damage|p2a: Falinks|42/246\n|-damage|p1a: Regidrago|11/435 psn|[from] item: Life Orb\n|move|p2a: Falinks|No Retreat|p2a: Falinks\n|-boost|p2a: Falinks|atk|1\n|-boost|p2a: Falinks|def|1\n|-boost|p2a: Falinks|spa|1\n|-boost|p2a: Falinks|spd|1\n|-boost|p2a: Falinks|spe|1\n|-start|p2a: Falinks|move: No Retreat\n|\n|-damage|p1a: Regidrago|0 fnt|[from] psn\n|faint|p1a: Regidrago\n|upkeep\n|\n|t:|1782763122\n|switch|p1a: Vespiquen|Vespiquen, L99, F|299/299\n|-ability|p1a: Vespiquen|Pressure\n|turn|12\n|\n|t:|1782763139\n|move|p2a: Falinks|Knock Off|p1a: Vespiquen\n|-damage|p1a: Vespiquen|190/299\n|-enditem|p1a: Vespiquen|Heavy-Duty Boots|[from] move: Knock Off|[of] p2a: Falinks\n|-damage|p2a: Falinks|18/246|[from] item: Life Orb\n|move|p1a: Vespiquen|Air Slash|p2a: Falinks\n|-supereffective|p2a: Falinks\n|-damage|p2a: Falinks|0 fnt\n|faint|p2a: Falinks\n|\n|upkeep\n|inactive|tydirium_69 has 120 seconds left.\n|\n|t:|1782763166\n|switch|p2a: Florges|Florges-Yellow, L85, F, tera:Ground|221/271\n|turn|13\n|\n|t:|1782763172\n|move|p2a: Florges|Calm Mind|p2a: Florges\n|-boost|p2a: Florges|spa|1\n|-boost|p2a: Florges|spd|1\n|move|p1a: Vespiquen|Toxic Spikes|p2a: Florges\n|-sidestart|p2: tydirium_69|move: Toxic Spikes\n|\n|-heal|p2a: Florges|237/271|[from] item: Leftovers\n|upkeep\n|turn|14\n|inactive|tydirium_69 has 120 seconds left.\n|\n|t:|1782763186\n|move|p2a: Florges|Calm Mind|p2a: Florges\n|-boost|p2a: Florges|spa|1\n|-boost|p2a: Florges|spd|1\n|move|p1a: Vespiquen|Spikes|p2a: Florges\n|-sidestart|p2: tydirium_69|Spikes\n|\n|-heal|p2a: Florges|253/271|[from] item: Leftovers\n|upkeep\n|turn|15\n|\n|t:|1782763193\n|move|p2a: Florges|Moonblast|p1a: Vespiquen\n|-crit|p1a: Vespiquen\n|-damage|p1a: Vespiquen|0 fnt\n|faint|p1a: Vespiquen\n|\n|-heal|p2a: Florges|269/271|[from] item: Leftovers\n|upkeep\n|\n|t:|1782763200\n|switch|p1a: Ceruledge|Ceruledge, L78, M|245/245\n|turn|16\n|\n|t:|1782763212\n|-terastallize|p1a: Ceruledge|Fighting\n|move|p1a: Ceruledge|Swords Dance|p1a: Ceruledge\n|-boost|p1a: Ceruledge|atk|2\n|move|p2a: Florges|Tera Blast|p1a: Ceruledge|[anim] Tera Blast Ground\n|-damage|p1a: Ceruledge|38/245\n|\n|-heal|p2a: Florges|271/271|[from] item: Leftovers\n|upkeep\n|turn|17\n|\n|t:|1782763235\n|move|p1a: Ceruledge|Close Combat|p2a: Florges\n|-damage|p2a: Florges|0 fnt\n|-unboost|p1a: Ceruledge|def|1\n|-unboost|p1a: Ceruledge|spd|1\n|faint|p2a: Florges\n|\n|upkeep\n|\n|t:|1782763255\n|switch|p2a: Gliscor|Gliscor, L76, M|239/239\n|turn|18\n|\n|t:|1782763261\n|move|p2a: Gliscor|Protect|p2a: Gliscor\n|-singleturn|p2a: Gliscor|Protect\n|move|p1a: Ceruledge|Bitter Blade|p2a: Gliscor\n|-activate|p2a: Gliscor|move: Protect\n|\n|-status|p2a: Gliscor|tox|[from] item: Toxic Orb\n|upkeep\n|turn|19\n|\n|t:|1782763273\n|move|p2a: Gliscor|Earthquake|p1a: Ceruledge\n|-damage|p1a: Ceruledge|0 fnt\n|faint|p1a: Ceruledge\n|\n|upkeep\n|\n|t:|1782763277\n|switch|p1a: Houndstone|Houndstone, L86, F|129/264\n|-status|p1a: Houndstone|psn\n|turn|20\n|\n|t:|1782763283\n|move|p2a: Gliscor|Knock Off|p1a: Houndstone\n|-supereffective|p1a: Houndstone\n|-damage|p1a: Houndstone|78/264 psn\n|-enditem|p1a: Houndstone|Leftovers|[from] move: Knock Off|[of] p2a: Gliscor\n|move|p1a: Houndstone|Rest|p1a: Houndstone\n|-status|p1a: Houndstone|slp|[from] move: Rest\n|-heal|p1a: Houndstone|264/264 slp|[silent]\n|\n|upkeep\n|turn|21\n|\n|t:|1782763300\n|move|p2a: Gliscor|Earthquake|p1a: Houndstone\n|-damage|p1a: Houndstone|183/264 slp\n|cant|p1a: Houndstone|slp\n|move|p1a: Houndstone|Sleep Talk|p1a: Houndstone\n|move|p1a: Houndstone|Body Press|p2a: Gliscor|[from] move: Sleep Talk\n|-resisted|p2a: Gliscor\n|-damage|p2a: Gliscor|215/239 tox\n|\n|-heal|p2a: Gliscor|239/239 tox|[from] ability: Poison Heal\n|upkeep\n|turn|22\n|\n|t:|1782763308\n|move|p2a: Gliscor|Earthquake|p1a: Houndstone\n|-damage|p1a: Houndstone|99/264 slp\n|cant|p1a: Houndstone|slp\n|move|p1a: Houndstone|Sleep Talk|p1a: Houndstone\n|move|p1a: Houndstone|Body Press|p2a: Gliscor|[from] move: Sleep Talk\n|-resisted|p2a: Gliscor\n|-damage|p2a: Gliscor|213/239 tox\n|\n|-heal|p2a: Gliscor|239/239 tox|[from] ability: Poison Heal\n|upkeep\n|turn|23\n|\n|t:|1782763319\n|move|p2a: Gliscor|Earthquake|p1a: Houndstone\n|-damage|p1a: Houndstone|15/264 slp\n|-curestatus|p1a: Houndstone|slp|[msg]\n|move|p1a: Houndstone|Rest|p1a: Houndstone\n|-status|p1a: Houndstone|slp|[from] move: Rest\n|-heal|p1a: Houndstone|264/264 slp|[silent]\n|\n|upkeep\n|turn|24\n|\n|t:|1782763326\n|move|p2a: Gliscor|Earthquake|p1a: Houndstone\n|-damage|p1a: Houndstone|180/264 slp\n|cant|p1a: Houndstone|slp\n|move|p1a: Houndstone|Sleep Talk|p1a: Houndstone\n|move|p1a: Houndstone|Body Press|p2a: Gliscor|[from] move: Sleep Talk\n|-resisted|p2a: Gliscor\n|-damage|p2a: Gliscor|211/239 tox\n|\n|-heal|p2a: Gliscor|239/239 tox|[from] ability: Poison Heal\n|upkeep\n|turn|25\n|\n|t:|1782763335\n|move|p2a: Gliscor|Earthquake|p1a: Houndstone\n|-damage|p1a: Houndstone|101/264 slp\n|cant|p1a: Houndstone|slp\n|move|p1a: Houndstone|Sleep Talk|p1a: Houndstone\n|move|p1a: Houndstone|Body Press|p2a: Gliscor|[from] move: Sleep Talk\n|-resisted|p2a: Gliscor\n|-damage|p2a: Gliscor|213/239 tox\n|\n|-heal|p2a: Gliscor|239/239 tox|[from] ability: Poison Heal\n|upkeep\n|turn|26\n|\n|t:|1782763349\n|move|p2a: Gliscor|Earthquake|p1a: Houndstone\n|-damage|p1a: Houndstone|26/264 slp\n|-curestatus|p1a: Houndstone|slp|[msg]\n|move|p1a: Houndstone|Rest|p1a: Houndstone\n|-status|p1a: Houndstone|slp|[from] move: Rest\n|-heal|p1a: Houndstone|264/264 slp|[silent]\n|\n|upkeep\n|turn|27\n|\n|t:|1782763358\n|move|p2a: Gliscor|Knock Off|p1a: Houndstone\n|-supereffective|p1a: Houndstone\n|-crit|p1a: Houndstone\n|-damage|p1a: Houndstone|212/264 slp\n|cant|p1a: Houndstone|slp\n|move|p1a: Houndstone|Sleep Talk|p1a: Houndstone\n|move|p1a: Houndstone|Body Press|p2a: Gliscor|[from] move: Sleep Talk\n|-resisted|p2a: Gliscor\n|-damage|p2a: Gliscor|215/239 tox\n|\n|-heal|p2a: Gliscor|239/239 tox|[from] ability: Poison Heal\n|upkeep\n|turn|28\n|\n|t:|1782763377\n|move|p2a: Gliscor|Knock Off|p1a: Houndstone\n|-supereffective|p1a: Houndstone\n|-crit|p1a: Houndstone\n|-damage|p1a: Houndstone|163/264 slp\n|cant|p1a: Houndstone|slp\n|move|p1a: Houndstone|Sleep Talk|p1a: Houndstone\n|move|p1a: Houndstone|Poltergeist|p2a: Gliscor|[from] move: Sleep Talk\n|-activate|p2a: Gliscor|move: Poltergeist|Toxic Orb\n|-damage|p2a: Gliscor|137/239 tox\n|\n|-heal|p2a: Gliscor|166/239 tox|[from] ability: Poison Heal\n|upkeep\n|turn|29\n|\n|t:|1782763388\n|move|p2a: Gliscor|Earthquake|p1a: Houndstone\n|-damage|p1a: Houndstone|88/264 slp\n|-curestatus|p1a: Houndstone|slp|[msg]\n|move|p1a: Houndstone|Rest|p1a: Houndstone\n|-status|p1a: Houndstone|slp|[from] move: Rest\n|-heal|p1a: Houndstone|264/264 slp|[silent]\n|\n|-heal|p2a: Gliscor|195/239 tox|[from] ability: Poison Heal\n|upkeep\n|turn|30\n|c|\u2606tydirium_69|this is gameplay\n|\n|t:|1782763404\n|move|p2a: Gliscor|Protect|p2a: Gliscor\n|-singleturn|p2a: Gliscor|Protect\n|cant|p1a: Houndstone|slp\n|move|p1a: Houndstone|Sleep Talk|p1a: Houndstone\n|move|p1a: Houndstone|Poltergeist|p2a: Gliscor|[from] move: Sleep Talk\n|-activate|p2a: Gliscor|move: Protect\n|\n|-heal|p2a: Gliscor|224/239 tox|[from] ability: Poison Heal\n|upkeep\n|turn|31\n|\n|t:|1782763417\n|move|p2a: Gliscor|Knock Off|p1a: Houndstone\n|-supereffective|p1a: Houndstone\n|-damage|p1a: Houndstone|232/264 slp\n|cant|p1a: Houndstone|slp\n|move|p1a: Houndstone|Sleep Talk|p1a: Houndstone\n|move|p1a: Houndstone|Poltergeist|p2a: Gliscor|[from] move: Sleep Talk\n|-activate|p2a: Gliscor|move: Poltergeist|Toxic Orb\n|-damage|p2a: Gliscor|119/239 tox\n|\n|-heal|p2a: Gliscor|148/239 tox|[from] ability: Poison Heal\n|upkeep\n|turn|32\n|\n|t:|1782763429\n|move|p2a: Gliscor|Protect|p2a: Gliscor\n|-singleturn|p2a: Gliscor|Protect\n|-curestatus|p1a: Houndstone|slp|[msg]\n|move|p1a: Houndstone|Rest|p1a: Houndstone\n|-status|p1a: Houndstone|slp|[from] move: Rest\n|-heal|p1a: Houndstone|264/264 slp|[silent]\n|\n|-heal|p2a: Gliscor|177/239 tox|[from] ability: Poison Heal\n|upkeep\n|turn|33\n|\n|t:|1782763448\n|move|p2a: Gliscor|Earthquake|p1a: Houndstone\n|-damage|p1a: Houndstone|186/264 slp\n|cant|p1a: Houndstone|slp\n|move|p1a: Houndstone|Sleep Talk|p1a: Houndstone\n|move|p1a: Houndstone|Poltergeist|p2a: Gliscor|[from] move: Sleep Talk\n|-activate|p2a: Gliscor|move: Poltergeist|Toxic Orb\n|-crit|p2a: Gliscor\n|-damage|p2a: Gliscor|18/239 tox\n|\n|-heal|p2a: Gliscor|47/239 tox|[from] ability: Poison Heal\n|upkeep\n|turn|34\n|\n|t:|1782763477\n|move|p2a: Gliscor|Protect|p2a: Gliscor\n|-singleturn|p2a: Gliscor|Protect\n|cant|p1a: Houndstone|slp\n|move|p1a: Houndstone|Sleep Talk|p1a: Houndstone\n|move|p1a: Houndstone|Rest||[from] move: Sleep Talk|[still]\n|-fail|p1a: Houndstone\n|\n|-heal|p2a: Gliscor|76/239 tox|[from] ability: Poison Heal\n|upkeep\n|turn|35\n|\n|t:|1782763490\n|move|p2a: Gliscor|Earthquake|p1a: Houndstone\n|-damage|p1a: Houndstone|111/264 slp\n|-curestatus|p1a: Houndstone|slp|[msg]\n|move|p1a: Houndstone|Poltergeist|p2a: Gliscor\n|-activate|p2a: Gliscor|move: Poltergeist|Toxic Orb\n|-damage|p2a: Gliscor|0 fnt\n|faint|p2a: Gliscor\n|\n|upkeep\n|\n|t:|1782763511\n|switch|p2a: Tsareena|Tsareena, L87, F|267/267\n|-status|p2a: Tsareena|psn\n|-damage|p2a: Tsareena|234/267 psn|[from] Spikes\n|turn|36\n|\n|t:|1782763522\n|move|p2a: Tsareena|Power Whip|p1a: Houndstone\n|-damage|p1a: Houndstone|36/264\n|move|p1a: Houndstone|Rest|p1a: Houndstone\n|-status|p1a: Houndstone|slp|[from] move: Rest\n|-heal|p1a: Houndstone|264/264 slp|[silent]\n|\n|-damage|p2a: Tsareena|201/267 psn|[from] psn\n|upkeep\n|turn|37\n|\n|t:|1782763530\n|move|p2a: Tsareena|Power Whip|p1a: Houndstone\n|-damage|p1a: Houndstone|189/264 slp\n|cant|p1a: Houndstone|slp\n|move|p1a: Houndstone|Sleep Talk|p1a: Houndstone\n|move|p1a: Houndstone|Rest||[from] move: Sleep Talk|[still]\n|-fail|p1a: Houndstone\n|\n|-damage|p2a: Tsareena|168/267 psn|[from] psn\n|upkeep\n|turn|38\n|\n|t:|1782763540\n|move|p2a: Tsareena|Power Whip|p1a: Houndstone\n|-damage|p1a: Houndstone|120/264 slp\n|cant|p1a: Houndstone|slp\n|move|p1a: Houndstone|Sleep Talk|p1a: Houndstone\n|move|p1a: Houndstone|Poltergeist|p2a: Tsareena|[from] move: Sleep Talk\n|-activate|p2a: Tsareena|move: Poltergeist|Choice Scarf\n|-damage|p2a: Tsareena|48/267 psn\n|\n|-damage|p2a: Tsareena|15/267 psn|[from] psn\n|upkeep\n|turn|39\n|\n|t:|1782763551\n|move|p2a: Tsareena|Power Whip|p1a: Houndstone\n|-damage|p1a: Houndstone|45/264 slp\n|-curestatus|p1a: Houndstone|slp|[msg]\n|move|p1a: Houndstone|Rest|p1a: Houndstone\n|-status|p1a: Houndstone|slp|[from] move: Rest\n|-heal|p1a: Houndstone|264/264 slp|[silent]\n|\n|-damage|p2a: Tsareena|0 fnt|[from] psn\n|faint|p2a: Tsareena\n|upkeep\n|\n|t:|1782763566\n|switch|p2a: Volcarona|Volcarona, L77, M|257/257\n|turn|40\n|\n|t:|1782763577\n|move|p2a: Volcarona|Quiver Dance|p2a: Volcarona\n|-boost|p2a: Volcarona|spa|1\n|-boost|p2a: Volcarona|spd|1\n|-boost|p2a: Volcarona|spe|1\n|cant|p1a: Houndstone|slp\n|move|p1a: Houndstone|Sleep Talk|p1a: Houndstone\n|move|p1a: Houndstone|Poltergeist|p2a: Volcarona|[from] move: Sleep Talk\n|-activate|p2a: Volcarona|move: Poltergeist|Heavy-Duty Boots\n|-damage|p2a: Volcarona|88/257\n|\n|upkeep\n|turn|41\n|\n|t:|1782763589\n|move|p2a: Volcarona|Giga Drain|p1a: Houndstone\n|-damage|p1a: Houndstone|186/264 slp\n|-heal|p2a: Volcarona|127/257|[from] drain|[of] p1a: Houndstone\n|cant|p1a: Houndstone|slp\n|move|p1a: Houndstone|Sleep Talk|p1a: Houndstone\n|move|p1a: Houndstone|Body Press|p2a: Volcarona|[from] move: Sleep Talk\n|-resisted|p2a: Volcarona\n|-damage|p2a: Volcarona|88/257\n|\n|upkeep\n|turn|42\n|\n|t:|1782763598\n|move|p2a: Volcarona|Morning Sun|p2a: Volcarona\n|-heal|p2a: Volcarona|216/257\n|-curestatus|p1a: Houndstone|slp|[msg]\n|move|p1a: Houndstone|Poltergeist|p2a: Volcarona\n|-activate|p2a: Volcarona|move: Poltergeist|Heavy-Duty Boots\n|-damage|p2a: Volcarona|38/257\n|\n|upkeep\n|turn|43\n|\n|t:|1782763606\n|move|p2a: Volcarona|Morning Sun|p2a: Volcarona\n|-heal|p2a: Volcarona|166/257\n|move|p1a: Houndstone|Poltergeist|p2a: Volcarona\n|-activate|p2a: Volcarona|move: Poltergeist|Heavy-Duty Boots\n|-damage|p2a: Volcarona|3/257\n|\n|upkeep\n|turn|44\n|\n|t:|1782763619\n|move|p2a: Volcarona|Fire Blast|p1a: Houndstone|[miss]\n|-miss|p2a: Volcarona|p1a: Houndstone\n|move|p1a: Houndstone|Poltergeist|p2a: Volcarona\n|-activate|p2a: Volcarona|move: Poltergeist|Heavy-Duty Boots\n|-damage|p2a: Volcarona|0 fnt\n|faint|p2a: Volcarona\n|\n|win|amgonnacook\n|raw|amgonnacook's rating: 1372 &rarr; <strong>1393</strong><br />(+21 for winning)\n|raw|tydirium_69's rating: 1393 &rarr; <strong>1372</strong><br />(-21 for losing)\n|c|\u2606tydirium_69|lmao\n|l|\u2606tydirium_69\n|player|p2|\n", "inputlog": ">version f8ac14003a5f27e1bdc8d8c59608a773c1cb96e5\n>start {\"formatid\":\"gen9randombattle\",\"seed\":\"sodium,912d3ab5acb3556171df2ec3ad14f76c\",\"rated\":\"Rated battle\"}\n>player p1 {\"name\":\"amgonnacook\",\"avatar\":\"170\",\"rating\":1372,\"seed\":\"sodium,95f0f1c42b8518b0041a8ace3f810d1d\"}\n>player p2 {\"name\":\"tydirium_69\",\"avatar\":\"iris\",\"rating\":1393,\"seed\":\"sodium,7f59f51038049e9e65da039701b52e41\"}\n>p1 move poltergeist\n>p2 move calmmind\n>p1 move poltergeist\n>p2 move moonblast\n>p1 switch 2\n>p2 move moonblast\n>p1 move tachyoncutter\n>p2 move terablast terastallize\n>p1 switch 5\n>p1 move leechseed\n>p2 move synthesis\n>p1 move substitute\n>p2 move terablast\n>p1 move protect\n>p2 switch 6\n>p1 move leechseed\n>p2 move meteorbeam\n>p1 switch 6\n>p1 move dragondance\n>p2 move sludgewave\n>p1 move earthquake\n>p2 move sludgewave\n>p2 switch 5\n>p1 move dragonclaw\n>p2 move noretreat\n>p1 switch 3\n>p1 move airslash\n>p2 move knockoff\n>p2 switch 6\n>p1 move toxicspikes\n>p2 move calmmind\n>p1 move spikes\n>p2 move calmmind\n>p1 move spikes\n>p2 move moonblast\n>p1 switch 4\n>p1 move swordsdance terastallize\n>p2 move terablast\n>p1 move closecombat\n>p2 move moonblast\n>p2 switch 3\n>p1 move bitterblade\n>p2 move protect\n>p1 move bitterblade\n>p2 move earthquake\n>p1 switch 2\n>p1 move rest\n>p2 move knockoff\n>p1 move sleeptalk\n>p2 move earthquake\n>p1 move sleeptalk\n>p2 move earthquake\n>p1 move rest\n>p2 move earthquake\n>p1 move sleeptalk\n>p2 move earthquake\n>p1 move sleeptalk\n>p2 move earthquake\n>p1 move rest\n>p2 move earthquake\n>p1 move sleeptalk\n>p2 move knockoff\n>p1 move sleeptalk\n>p2 move knockoff\n>p1 move rest\n>p2 move earthquake\n>chat \u2606tydirium_69|this is gameplay\n>p1 move sleeptalk\n>p2 move protect\n>p1 move sleeptalk\n>p2 move knockoff\n>p1 move rest\n>p2 move protect\n>p1 move sleeptalk\n>p2 move earthquake\n>p1 move sleeptalk\n>p2 move protect\n>p1 move poltergeist\n>p2 move earthquake\n>p2 switch 2\n>p1 move rest\n>p2 move powerwhip\n>p1 move sleeptalk\n>p2 move powerwhip\n>p1 move sleeptalk\n>p2 move powerwhip\n>p1 move rest\n>p2 move powerwhip\n>p2 switch 4\n>p1 move sleeptalk\n>p2 move quiverdance\n>p1 move sleeptalk\n>p2 move gigadrain\n>p1 move poltergeist\n>p2 move morningsun\n>p1 move poltergeist\n>p2 move morningsun\n>p1 move poltergeist\n>p2 move fireblast", "uploadtime": 1782763645, "views": 10, "formatid": "gen9randombattle", "rating": 1372, "private": 0, "password": null, "player_dets": [{"name": "amgonnacook", "avatar": "170", "rating": 1372, "seed": "sodium,95f0f1c42b8518b0041a8ace3f810d1d"}, {"name": "tydirium_69", "avatar": "iris", "rating": 1393, "seed": "sodium,7f59f51038049e9e65da039701b52e41"}], "teams_full": [{"Houndstone": {"name": "Houndstone", "species": "Houndstone", "speciesId": "houndstone", "gender": "F", "shiny": false, "level": 86, "moves": ["rest", "poltergeist", "sleeptalk", "bodypress"], "ability": "Fluffy", "evs": {"hp": 85, "atk": 85, "def": 85, "spa": 85, "spd": 85, "spe": 85}, "ivs": {"hp": 31, "atk": 31, "def": 31, "spa": 31, "spd": 31, "spe": 31}, "item": "Leftovers", "teraType": "Fighting", "role": "Bulky Support", "bvs": {"hp": 72, "atk": 101, "def": 100, "spa": 50, "spd": 97, "spe": 68}, "stats": {"hp": 264, "atk": 223, "def": 221, "spa": 135, "spd": 216, "spe": 166}, "types": ["Ghost"]}, "Iron Crown": {"name": "Iron Crown", "species": "Iron Crown", "speciesId": "ironcrown", "gender": "N", "shiny": false, "level": 78, "moves": ["psyshock", "tachyoncutter", "calmmind", "focusblast"], "ability": "Quark Drive", "evs": {"hp": 85, "atk": 0, "def": 85, "spa": 85, "spd": 85, "spe": 85}, "ivs": {"hp": 31, "atk": 0, "def": 31, "spa": 31, "spd": 31, "spe": 31}, "item": "Leftovers", "teraType": "Fighting", "role": "Bulky Setup", "bvs": {"hp": 90, "atk": 72, "def": 100, "spa": 122, "spd": 108, "spe": 98}, "stats": {"hp": 268, "atk": 117, "def": 201, "spa": 235, "spd": 214, "spe": 198}, "types": ["Steel", "Psychic"]}, "Vespiquen": {"name": "Vespiquen", "species": "Vespiquen", "speciesId": "vespiquen", "gender": "F", "shiny": false, "level": 99, "moves": ["roost", "toxicspikes", "spikes", "airslash"], "ability": "Pressure", "evs": {"hp": 85, "atk": 0, "def": 85, "spa": 85, "spd": 85, "spe": 85}, "ivs": {"hp": 31, "atk": 0, "def": 31, "spa": 31, "spd": 31, "spe": 31}, "item": "Heavy-Duty Boots", "teraType": "Steel", "role": "Bulky Support", "bvs": {"hp": 70, "atk": 80, "def": 102, "spa": 80, "spd": 102, "spe": 40}, "stats": {"hp": 299, "atk": 163, "def": 258, "spa": 214, "spd": 258, "spe": 135}, "types": ["Bug", "Flying"]}, "Ceruledge": {"name": "Ceruledge", "species": "Ceruledge", "speciesId": "ceruledge", "gender": "M", "shiny": false, "level": 78, "moves": ["closecombat", "swordsdance", "poltergeist", "bitterblade"], "ability": "Weak Armor", "evs": {"hp": 85, "atk": 85, "def": 85, "spa": 85, "spd": 85, "spe": 85}, "ivs": {"hp": 31, "atk": 31, "def": 31, "spa": 31, "spd": 31, "spe": 31}, "item": "Heavy-Duty Boots", "teraType": "Fighting", "role": "Setup Sweeper", "bvs": {"hp": 75, "atk": 125, "def": 80, "spa": 60, "spd": 100, "spe": 85}, "stats": {"hp": 245, "atk": 240, "def": 170, "spa": 139, "spd": 201, "spe": 178}, "types": ["Fire", "Ghost"]}, "Scovillain": {"name": "Scovillain", "species": "Scovillain", "speciesId": "scovillain", "gender": "F", "shiny": false, "level": 91, "moves": ["flamethrower", "leechseed", "substitute", "protect"], "ability": "Chlorophyll", "evs": {"hp": 85, "atk": 0, "def": 85, "spa": 85, "spd": 85, "spe": 85}, "ivs": {"hp": 31, "atk": 0, "def": 31, "spa": 31, "spd": 31, "spe": 31}, "item": "Leftovers", "teraType": "Steel", "role": "Bulky Attacker", "bvs": {"hp": 65, "atk": 108, "def": 65, "spa": 108, "spd": 65, "spe": 75}, "stats": {"hp": 266, "atk": 201, "def": 170, "spa": 248, "spd": 170, "spe": 188}, "types": ["Grass", "Fire"]}, "Regidrago": {"name": "Regidrago", "species": "Regidrago", "speciesId": "regidrago", "gender": "N", "shiny": false, "level": 77, "moves": ["dragondance", "earthquake", "terablast", "dragonclaw"], "ability": "Dragon's Maw", "evs": {"hp": 85, "atk": 85, "def": 85, "spa": 85, "spd": 85, "spe": 85}, "ivs": {"hp": 31, "atk": 31, "def": 31, "spa": 31, "spd": 31, "spe": 31}, "item": "Life Orb", "teraType": "Steel", "role": "Tera Blast user", "bvs": {"hp": 200, "atk": 100, "def": 50, "spa": 100, "spd": 50, "spe": 80}, "stats": {"hp": 435, "atk": 199, "def": 122, "spa": 199, "spd": 122, "spe": 168}, "types": ["Dragon"]}}, {"Florges": {"name": "Florges", "species": "Florges-Yellow", "speciesId": "florges", "gender": "F", "shiny": false, "level": 85, "moves": ["moonblast", "terablast", "calmmind", "synthesis"], "ability": "Flower Veil", "evs": {"hp": 85, "atk": 0, "def": 85, "spa": 85, "spd": 85, "spe": 85}, "ivs": {"hp": 31, "atk": 0, "def": 31, "spa": 31, "spd": 31, "spe": 31}, "item": "Leftovers", "teraType": "Ground", "role": "Tera Blast user", "bvs": {"hp": 78, "atk": 65, "def": 68, "spa": 112, "spd": 154, "spe": 75}, "stats": {"hp": 271, "atk": 115, "def": 164, "spa": 239, "spd": 311, "spe": 176}, "types": ["Fairy"]}, "Tsareena": {"name": "Tsareena", "species": "Tsareena", "speciesId": "tsareena", "gender": "F", "shiny": false, "level": 87, "moves": ["knockoff", "tripleaxel", "powerwhip", "uturn"], "ability": "Queenly Majesty", "evs": {"hp": 85, "atk": 85, "def": 85, "spa": 85, "spd": 85, "spe": 85}, "ivs": {"hp": 31, "atk": 31, "def": 31, "spa": 31, "spd": 31, "spe": 31}, "item": "Choice Scarf", "teraType": "Steel", "role": "Fast Support", "bvs": {"hp": 72, "atk": 120, "def": 98, "spa": 50, "spd": 98, "spe": 72}, "stats": {"hp": 267, "atk": 259, "def": 220, "spa": 137, "spd": 220, "spe": 175}, "types": ["Grass"]}, "Gliscor": {"name": "Gliscor", "species": "Gliscor", "speciesId": "gliscor", "gender": "M", "shiny": false, "level": 76, "moves": ["knockoff", "toxic", "protect", "earthquake"], "ability": "Poison Heal", "evs": {"hp": 85, "atk": 85, "def": 85, "spa": 85, "spd": 85, "spe": 85}, "ivs": {"hp": 31, "atk": 31, "def": 31, "spa": 31, "spd": 31, "spe": 31}, "item": "Toxic Orb", "teraType": "Water", "role": "Bulky Support", "bvs": {"hp": 75, "atk": 95, "def": 125, "spa": 45, "spd": 75, "spe": 95}, "stats": {"hp": 239, "atk": 188, "def": 234, "spa": 112, "spd": 158, "spe": 188}, "types": ["Ground", "Flying"]}, "Volcarona": {"name": "Volcarona", "species": "Volcarona", "speciesId": "volcarona", "gender": "M", "shiny": false, "level": 77, "moves": ["fireblast", "quiverdance", "gigadrain", "morningsun"], "ability": "Flame Body", "evs": {"hp": 85, "atk": 0, "def": 85, "spa": 85, "spd": 85, "spe": 85}, "ivs": {"hp": 31, "atk": 0, "def": 31, "spa": 31, "spd": 31, "spe": 31}, "item": "Heavy-Duty Boots", "teraType": "Fire", "role": "Fast Bulky Setup", "bvs": {"hp": 85, "atk": 60, "def": 65, "spa": 135, "spd": 105, "spe": 100}, "stats": {"hp": 257, "atk": 97, "def": 145, "spa": 252, "spd": 206, "spe": 199}, "types": ["Bug", "Fire"]}, "Falinks": {"name": "Falinks", "species": "Falinks", "speciesId": "falinks", "gender": "N", "shiny": false, "level": 84, "moves": ["ironhead", "closecombat", "noretreat", "knockoff"], "ability": "Defiant", "evs": {"hp": 85, "atk": 85, "def": 85, "spa": 85, "spd": 85, "spe": 85}, "ivs": {"hp": 31, "atk": 31, "def": 31, "spa": 31, "spd": 31, "spe": 31}, "item": "Life Orb", "teraType": "Steel", "role": "Setup Sweeper", "bvs": {"hp": 65, "atk": 100, "def": 100, "spa": 70, "spd": 60, "spe": 75}, "stats": {"hp": 246, "atk": 216, "def": 216, "spa": 166, "spd": 149, "spe": 174}, "types": ["Fighting"]}, "Glimmora": {"name": "Glimmora", "species": "Glimmora", "speciesId": "glimmora", "gender": "M", "shiny": false, "level": 75, "moves": ["earthpower", "sludgewave", "meteorbeam", "energyball"], "ability": "Toxic Debris", "evs": {"hp": 85, "atk": 0, "def": 85, "spa": 85, "spd": 85, "spe": 85}, "ivs": {"hp": 31, "atk": 0, "def": 31, "spa": 31, "spd": 31, "spe": 31}, "item": "Power Herb", "teraType": "Grass", "role": "Setup Sweeper", "bvs": {"hp": 83, "atk": 55, "def": 90, "spa": 130, "spd": 81, "spe": 86}, "stats": {"hp": 248, "atk": 87, "def": 179, "spa": 239, "spd": 165, "spe": 173}, "types": ["Rock", "Poison"]}}]}