{"id": "gen9randombattle-2641062525", "format": "[Gen 9] Random Battle", "players": ["shutuprwdv", "elfowls"], "log": "|j|\u2606shutuprwdv\n|j|\u2606elfowls\n|t:|1782734692\n|gametype|singles\n|player|p1|shutuprwdv|biker-gen4|2090\n|player|p2|elfowls|morty|2093\n|gen|9\n|tier|[Gen 9] Random Battle\n|rated|\n|rule|Species Clause: Limit one of each Pok\u00e9mon\n|rule|HP Percentage Mod: HP is shown in percentages\n|rule|Sleep Clause Mod: Limit one foe put to sleep\n|rule|Illusion Level Mod: Illusion disguises the Pok\u00e9mon's true level\n|\n|t:|1782734692\n|teamsize|p1|6\n|teamsize|p2|6\n|start\n|switch|p1a: Dodrio|Dodrio, L85, M|241/241\n|switch|p2a: Dodrio|Dodrio, L85, F|241/241\n|turn|1\n|inactive|Battle timer is ON: inactive players will automatically lose when time's up. (requested by shutuprwdv)\n|\n|t:|1782734706\n|move|p2a: Dodrio|Brave Bird|p1a: Dodrio\n|-damage|p1a: Dodrio|0 fnt\n|faint|p1a: Dodrio\n|-damage|p2a: Dodrio|161/241|[from] Recoil\n|\n|upkeep\n|\n|t:|1782734716\n|switch|p1a: Gholdengo|Gholdengo, L77|261/261\n|turn|2\n|\n|t:|1782734727\n|switch|p2a: Ho-Oh|Ho-Oh, L71|268/268\n|move|p1a: Gholdengo|Shadow Ball|p2a: Ho-Oh\n|-damage|p2a: Ho-Oh|202/268\n|\n|upkeep\n|turn|3\n|\n|t:|1782734734\n|switch|p1a: Lumineon|Lumineon, L93, F|279/279\n|move|p2a: Ho-Oh|Sacred Fire|p1a: Lumineon\n|-resisted|p1a: Lumineon\n|-crit|p1a: Lumineon\n|-damage|p1a: Lumineon|204/279\n|-status|p1a: Lumineon|brn\n|\n|-damage|p1a: Lumineon|187/279 brn|[from] brn\n|upkeep\n|turn|4\n|\n|t:|1782734738\n|switch|p2a: Uxie|Uxie, L83|260/260\n|move|p1a: Lumineon|U-turn|p2a: Uxie\n|-supereffective|p2a: Uxie\n|-crit|p2a: Uxie\n|-damage|p2a: Uxie|203/260\n|\n|t:|1782734746\n|switch|p1a: Wo-Chien|Wo-Chien, L83|277/277|[from] U-turn\n|-ability|p1a: Wo-Chien|Tablets of Ruin\n|\n|-heal|p2a: Uxie|219/260|[from] item: Leftovers\n|upkeep\n|turn|5\n|\n|t:|1782734752\n|move|p2a: Uxie|Stealth Rock|p1a: Wo-Chien\n|-sidestart|p1: shutuprwdv|move: Stealth Rock\n|move|p1a: Wo-Chien|Stun Spore|p2a: Uxie|[miss]\n|-miss|p1a: Wo-Chien|p2a: Uxie\n|\n|-heal|p2a: Uxie|235/260|[from] item: Leftovers\n|upkeep\n|turn|6\n|\n|t:|1782734758\n|move|p2a: Uxie|Yawn|p1a: Wo-Chien\n|-start|p1a: Wo-Chien|move: Yawn|[of] p2a: Uxie\n|move|p1a: Wo-Chien|Stun Spore|p2a: Uxie|[miss]\n|-miss|p1a: Wo-Chien|p2a: Uxie\n|\n|-heal|p2a: Uxie|251/260|[from] item: Leftovers\n|upkeep\n|turn|7\n|\n|t:|1782734765\n|switch|p2a: Dodrio|Dodrio, L85, F|161/241\n|move|p1a: Wo-Chien|Stun Spore|p2a: Dodrio\n|-status|p2a: Dodrio|par\n|\n|-end|p1a: Wo-Chien|move: Yawn|[silent]\n|-status|p1a: Wo-Chien|slp\n|upkeep\n|turn|8\n|\n|t:|1782734775\n|cant|p1a: Wo-Chien|slp\n|move|p2a: Dodrio|Knock Off|p1a: Wo-Chien\n|-resisted|p1a: Wo-Chien\n|-damage|p1a: Wo-Chien|237/277 slp\n|-enditem|p1a: Wo-Chien|Leftovers|[from] move: Knock Off|[of] p2a: Dodrio\n|\n|upkeep\n|turn|9\n|\n|t:|1782734784\n|switch|p1a: Gholdengo|Gholdengo, L77|261/261\n|-damage|p1a: Gholdengo|245/261|[from] Stealth Rock\n|switch|p2a: Ho-Oh|Ho-Oh, L71|268/268\n|\n|-heal|p1a: Gholdengo|261/261|[from] item: Leftovers\n|upkeep\n|turn|10\n|\n|t:|1782734792\n|switch|p1a: Lumineon|Lumineon, L93, F|187/279 brn\n|move|p2a: Ho-Oh|Sacred Fire|p1a: Lumineon\n|-resisted|p1a: Lumineon\n|-damage|p1a: Lumineon|138/279 brn\n|\n|-damage|p1a: Lumineon|121/279 brn|[from] brn\n|upkeep\n|turn|11\n|\n|t:|1782734803\n|switch|p2a: Dodrio|Dodrio, L85, F|161/241 par\n|move|p1a: Lumineon|Hydro Pump|p2a: Dodrio\n|-damage|p2a: Dodrio|8/241 par\n|\n|-damage|p1a: Lumineon|104/279 brn|[from] brn\n|upkeep\n|turn|12\n|\n|t:|1782734808\n|switch|p2a: Uxie|Uxie, L83|251/260\n|move|p1a: Lumineon|Ice Beam|p2a: Uxie\n|-damage|p2a: Uxie|202/260\n|\n|-heal|p2a: Uxie|218/260|[from] item: Leftovers\n|-damage|p1a: Lumineon|87/279 brn|[from] brn\n|upkeep\n|turn|13\n|\n|t:|1782734831\n|switch|p2a: Ho-Oh|Ho-Oh, L71|268/268\n|move|p1a: Lumineon|U-turn|p2a: Ho-Oh\n|-resisted|p2a: Ho-Oh\n|-damage|p2a: Ho-Oh|261/268\n|\n|t:|1782734834\n|switch|p1a: Gliscor|Gliscor, L76, F|239/239|[from] U-turn\n|-damage|p1a: Gliscor|210/239|[from] Stealth Rock\n|\n|-status|p1a: Gliscor|tox|[from] item: Toxic Orb\n|upkeep\n|turn|14\n|\n|t:|1782734844\n|switch|p2a: Dodrio|Dodrio, L85, F|8/241 par\n|move|p1a: Gliscor|Toxic||[still]\n|-fail|p1a: Gliscor\n|\n|-heal|p1a: Gliscor|239/239 tox|[from] ability: Poison Heal\n|upkeep\n|turn|15\n|\n|t:|1782734851\n|move|p1a: Gliscor|Substitute|p1a: Gliscor\n|-start|p1a: Gliscor|Substitute\n|-damage|p1a: Gliscor|180/239 tox\n|move|p2a: Dodrio|Brave Bird|p1a: Gliscor\n|-end|p1a: Gliscor|Substitute\n|-damage|p2a: Dodrio|0 fnt|[from] Recoil|[of] p1a: Gliscor\n|faint|p2a: Dodrio\n|\n|-heal|p1a: Gliscor|209/239 tox|[from] ability: Poison Heal\n|upkeep\n|\n|t:|1782734860\n|switch|p2a: Manaphy|Manaphy, L78|284/284\n|turn|16\n|\n|t:|1782734867\n|switch|p1a: Lumineon|Lumineon, L93, F|87/279 brn\n|move|p2a: Manaphy|Tail Glow|p2a: Manaphy\n|-boost|p2a: Manaphy|spa|3\n|\n|-damage|p1a: Lumineon|70/279 brn|[from] brn\n|upkeep\n|turn|17\n|\n|t:|1782734871\n|switch|p2a: Uxie|Uxie, L83|218/260\n|move|p1a: Lumineon|Encore||[still]\n|-fail|p1a: Lumineon\n|\n|-heal|p2a: Uxie|234/260|[from] item: Leftovers\n|-damage|p1a: Lumineon|53/279 brn|[from] brn\n|upkeep\n|turn|18\n|\n|t:|1782734880\n|move|p1a: Lumineon|U-turn|p2a: Uxie\n|-supereffective|p2a: Uxie\n|-damage|p2a: Uxie|197/260\n|\n|t:|1782734882\n|switch|p1a: Wo-Chien|Wo-Chien, L83|237/277 slp|[from] U-turn\n|-damage|p1a: Wo-Chien|203/277 slp|[from] Stealth Rock\n|-ability|p1a: Wo-Chien|Tablets of Ruin\n|move|p2a: Uxie|Psychic Noise|p1a: Wo-Chien\n|-immune|p1a: Wo-Chien\n|\n|-heal|p2a: Uxie|213/260|[from] item: Leftovers\n|upkeep\n|turn|19\n|\n|t:|1782734889\n|switch|p2a: Ho-Oh|Ho-Oh, L71|268/268\n|cant|p1a: Wo-Chien|slp\n|\n|upkeep\n|turn|20\n|\n|t:|1782734893\n|switch|p1a: Gliscor|Gliscor, L76, F|209/239 tox\n|-damage|p1a: Gliscor|180/239 tox|[from] Stealth Rock\n|move|p2a: Ho-Oh|Sacred Fire|p1a: Gliscor\n|-damage|p1a: Gliscor|96/239 tox\n|\n|-heal|p1a: Gliscor|125/239 tox|[from] ability: Poison Heal\n|upkeep\n|turn|21\n|\n|t:|1782734906\n|switch|p2a: Uxie|Uxie, L83|213/260\n|move|p1a: Gliscor|Toxic|p2a: Uxie\n|-status|p2a: Uxie|tox\n|\n|-heal|p2a: Uxie|229/260 tox|[from] item: Leftovers\n|-damage|p2a: Uxie|213/260 tox|[from] psn\n|-heal|p1a: Gliscor|154/239 tox|[from] ability: Poison Heal\n|upkeep\n|turn|22\n|\n|t:|1782734915\n|switch|p2a: Manaphy|Manaphy, L78|284/284\n|move|p1a: Gliscor|Protect||[still]\n|-fail|p1a: Gliscor\n|\n|-heal|p1a: Gliscor|183/239 tox|[from] ability: Poison Heal\n|upkeep\n|turn|23\n|\n|t:|1782734929\n|switch|p1a: Dunsparce|Dunsparce, L86, M|312/312\n|-damage|p1a: Dunsparce|273/312|[from] Stealth Rock\n|move|p2a: Manaphy|Ice Beam|p1a: Dunsparce\n|-damage|p1a: Dunsparce|229/312\n|\n|upkeep\n|turn|24\n|\n|t:|1782734934\n|switch|p2a: Uxie|Uxie, L83|213/260 tox\n|move|p1a: Dunsparce|Body Slam|p2a: Uxie\n|-damage|p2a: Uxie|158/260 tox\n|\n|-heal|p2a: Uxie|174/260 tox|[from] item: Leftovers\n|-damage|p2a: Uxie|158/260 tox|[from] psn\n|upkeep\n|turn|25\n|\n|t:|1782734942\n|switch|p1a: Wo-Chien|Wo-Chien, L83|203/277 slp\n|-damage|p1a: Wo-Chien|169/277 slp|[from] Stealth Rock\n|-ability|p1a: Wo-Chien|Tablets of Ruin\n|move|p2a: Uxie|Psychic Noise|p1a: Wo-Chien\n|-immune|p1a: Wo-Chien\n|\n|-heal|p2a: Uxie|174/260 tox|[from] item: Leftovers\n|-damage|p2a: Uxie|142/260 tox|[from] psn\n|upkeep\n|turn|26\n|\n|t:|1782734949\n|switch|p2a: Ho-Oh|Ho-Oh, L71|268/268\n|cant|p1a: Wo-Chien|slp\n|\n|upkeep\n|turn|27\n|\n|t:|1782734962\n|switch|p2a: Furret|Furret, L94, M|312/312\n|switch|p1a: Gliscor|Gliscor, L76, F|183/239 tox\n|-damage|p1a: Gliscor|154/239 tox|[from] Stealth Rock\n|\n|-heal|p1a: Gliscor|183/239 tox|[from] ability: Poison Heal\n|upkeep\n|turn|28\n|\n|t:|1782734971\n|move|p2a: Furret|Trick|p1a: Gliscor\n|-activate|p2a: Furret|move: Trick|[of] p1a: Gliscor\n|-item|p1a: Gliscor|Choice Band|[from] move: Trick\n|-item|p2a: Furret|Toxic Orb|[from] move: Trick\n|move|p1a: Gliscor|Toxic|p2a: Furret\n|-status|p2a: Furret|tox\n|\n|-damage|p2a: Furret|293/312 tox|[from] psn\n|-heal|p1a: Gliscor|212/239 tox|[from] ability: Poison Heal\n|upkeep\n|turn|29\n|\n|t:|1782734981\n|switch|p1a: Gholdengo|Gholdengo, L77|261/261\n|-damage|p1a: Gholdengo|245/261|[from] Stealth Rock\n|move|p2a: Furret|U-turn|p1a: Gholdengo\n|-resisted|p1a: Gholdengo\n|-damage|p1a: Gholdengo|232/261\n|\n|t:|1782734986\n|switch|p2a: Ho-Oh|Ho-Oh, L71|268/268|[from] U-turn\n|\n|-heal|p1a: Gholdengo|248/261|[from] item: Leftovers\n|upkeep\n|turn|30\n|\n|t:|1782734994\n|switch|p1a: Gliscor|Gliscor, L76, F|212/239 tox\n|-damage|p1a: Gliscor|183/239 tox|[from] Stealth Rock\n|move|p2a: Ho-Oh|Sacred Fire|p1a: Gliscor\n|-damage|p1a: Gliscor|108/239 tox\n|\n|-heal|p1a: Gliscor|137/239 tox|[from] ability: Poison Heal\n|upkeep\n|turn|31\n|\n|t:|1782735004\n|switch|p1a: Gholdengo|Gholdengo, L77|248/261\n|-damage|p1a: Gholdengo|232/261|[from] Stealth Rock\n|switch|p2a: Furret|Furret, L94, M|293/312 tox\n|-item|p1a: Gholdengo|Leftovers|[from] ability: Frisk|[of] p2a: Furret\n|\n|-heal|p1a: Gholdengo|248/261|[from] item: Leftovers\n|-damage|p2a: Furret|274/312 tox|[from] psn\n|upkeep\n|turn|32\n|\n|t:|1782735013\n|switch|p2a: Ho-Oh|Ho-Oh, L71|268/268\n|switch|p1a: Gliscor|Gliscor, L76, F|137/239 tox\n|-damage|p1a: Gliscor|108/239 tox|[from] Stealth Rock\n|\n|-heal|p1a: Gliscor|137/239 tox|[from] ability: Poison Heal\n|upkeep\n|turn|33\n|\n|t:|1782735021\n|switch|p2a: Uxie|Uxie, L83|142/260 tox\n|move|p1a: Gliscor|Toxic|p2a: Uxie|[miss]\n|-miss|p1a: Gliscor|p2a: Uxie\n|\n|-heal|p2a: Uxie|158/260 tox|[from] item: Leftovers\n|-damage|p2a: Uxie|142/260 tox|[from] psn\n|-heal|p1a: Gliscor|166/239 tox|[from] ability: Poison Heal\n|upkeep\n|turn|34\n|\n|t:|1782735030\n|switch|p2a: Furret|Furret, L94, M|274/312 tox\n|-item|p1a: Gliscor|Choice Band|[from] ability: Frisk|[of] p2a: Furret\n|switch|p1a: Wo-Chien|Wo-Chien, L83|169/277 slp\n|-damage|p1a: Wo-Chien|135/277 slp|[from] Stealth Rock\n|-ability|p1a: Wo-Chien|Tablets of Ruin\n|\n|-damage|p2a: Furret|255/312 tox|[from] psn\n|upkeep\n|turn|35\n|\n|t:|1782735033\n|-curestatus|p1a: Wo-Chien|slp|[msg]\n|move|p1a: Wo-Chien|Protect|p1a: Wo-Chien\n|-singleturn|p1a: Wo-Chien|Protect\n|move|p2a: Furret|U-turn|p1a: Wo-Chien\n|-activate|p1a: Wo-Chien|move: Protect\n|\n|-damage|p2a: Furret|217/312 tox|[from] psn\n|upkeep\n|turn|36\n|\n|t:|1782735047\n|switch|p1a: Gliscor|Gliscor, L76, F|166/239 tox\n|-damage|p1a: Gliscor|137/239 tox|[from] Stealth Rock\n|move|p2a: Furret|U-turn|p1a: Gliscor\n|-resisted|p1a: Gliscor\n|-damage|p1a: Gliscor|114/239 tox\n|\n|t:|1782735049\n|switch|p2a: Manaphy|Manaphy, L78|284/284|[from] U-turn\n|\n|-heal|p1a: Gliscor|143/239 tox|[from] ability: Poison Heal\n|upkeep\n|turn|37\n|\n|t:|1782735065\n|switch|p1a: Dunsparce|Dunsparce, L86, M|229/312\n|-damage|p1a: Dunsparce|190/312|[from] Stealth Rock\n|move|p2a: Manaphy|Tail Glow|p2a: Manaphy\n|-boost|p2a: Manaphy|spa|3\n|\n|upkeep\n|turn|38\n|\n|t:|1782735067\n|move|p2a: Manaphy|Surf|p1a: Dunsparce\n|-damage|p1a: Dunsparce|30/312\n|move|p1a: Dunsparce|Body Slam|p2a: Manaphy\n|-crit|p2a: Manaphy\n|-damage|p2a: Manaphy|172/284\n|\n|-heal|p2a: Manaphy|189/284|[from] item: Leftovers\n|upkeep\n|turn|39\n|\n|t:|1782735073\n|move|p2a: Manaphy|Surf|p1a: Dunsparce\n|-crit|p1a: Dunsparce\n|-damage|p1a: Dunsparce|0 fnt\n|faint|p1a: Dunsparce\n|\n|-heal|p2a: Manaphy|206/284|[from] item: Leftovers\n|upkeep\n|\n|t:|1782735079\n|switch|p1a: Lumineon|Lumineon, L93, F|53/279 brn\n|turn|40\n|\n|t:|1782735085\n|switch|p2a: Uxie|Uxie, L83|142/260 tox\n|move|p1a: Lumineon|Encore||[still]\n|-fail|p1a: Lumineon\n|\n|-heal|p2a: Uxie|158/260 tox|[from] item: Leftovers\n|-damage|p2a: Uxie|142/260 tox|[from] psn\n|-damage|p1a: Lumineon|36/279 brn|[from] brn\n|upkeep\n|turn|41\n|\n|t:|1782735093\n|move|p1a: Lumineon|U-turn|p2a: Uxie\n|-supereffective|p2a: Uxie\n|-damage|p2a: Uxie|106/260 tox\n|\n|t:|1782735096\n|switch|p1a: Wo-Chien|Wo-Chien, L83|135/277|[from] U-turn\n|-damage|p1a: Wo-Chien|101/277|[from] Stealth Rock\n|-ability|p1a: Wo-Chien|Tablets of Ruin\n|move|p2a: Uxie|Yawn|p1a: Wo-Chien\n|-start|p1a: Wo-Chien|move: Yawn|[of] p2a: Uxie\n|\n|-heal|p2a: Uxie|122/260 tox|[from] item: Leftovers\n|-damage|p2a: Uxie|90/260 tox|[from] psn\n|upkeep\n|turn|42\n|\n|t:|1782735109\n|move|p2a: Uxie|Psychic Noise|p1a: Wo-Chien\n|-immune|p1a: Wo-Chien\n|move|p1a: Wo-Chien|Leech Seed|p2a: Uxie\n|-start|p2a: Uxie|move: Leech Seed\n|\n|-heal|p2a: Uxie|106/260 tox|[from] item: Leftovers\n|-damage|p2a: Uxie|74/260 tox|[from] Leech Seed|[of] p1a: Wo-Chien\n|-heal|p1a: Wo-Chien|133/277|[silent]\n|-damage|p2a: Uxie|26/260 tox|[from] psn\n|-end|p1a: Wo-Chien|move: Yawn|[silent]\n|-status|p1a: Wo-Chien|slp\n|upkeep\n|turn|43\n|\n|t:|1782735115\n|switch|p2a: Ho-Oh|Ho-Oh, L71|268/268\n|cant|p1a: Wo-Chien|slp\n|\n|upkeep\n|turn|44\n|\n|t:|1782735121\n|switch|p1a: Gliscor|Gliscor, L76, F|143/239 tox\n|-damage|p1a: Gliscor|114/239 tox|[from] Stealth Rock\n|move|p2a: Ho-Oh|Brave Bird|p1a: Gliscor\n|-damage|p1a: Gliscor|12/239 tox\n|-damage|p2a: Ho-Oh|234/268|[from] Recoil\n|\n|-heal|p1a: Gliscor|41/239 tox|[from] ability: Poison Heal\n|upkeep\n|turn|45\n|\n|t:|1782735129\n|move|p1a: Gliscor|Protect|p1a: Gliscor\n|-singleturn|p1a: Gliscor|Protect\n|move|p2a: Ho-Oh|Brave Bird|p1a: Gliscor\n|-activate|p1a: Gliscor|move: Protect\n|\n|-heal|p1a: Gliscor|70/239 tox|[from] ability: Poison Heal\n|upkeep\n|turn|46\n|\n|t:|1782735137\n|move|p1a: Gliscor|Protect|p1a: Gliscor\n|-singleturn|p1a: Gliscor|Protect\n|move|p2a: Ho-Oh|Sacred Fire|p1a: Gliscor\n|-activate|p1a: Gliscor|move: Protect\n|\n|-heal|p1a: Gliscor|99/239 tox|[from] ability: Poison Heal\n|upkeep\n|turn|47\n|\n|t:|1782735146\n|move|p1a: Gliscor|Protect||[still]\n|-fail|p1a: Gliscor\n|move|p2a: Ho-Oh|Sacred Fire|p1a: Gliscor\n|-damage|p1a: Gliscor|12/239 tox\n|\n|-heal|p1a: Gliscor|41/239 tox|[from] ability: Poison Heal\n|upkeep\n|turn|48\n|\n|t:|1782735156\n|move|p1a: Gliscor|Protect|p1a: Gliscor\n|-singleturn|p1a: Gliscor|Protect\n|move|p2a: Ho-Oh|Earthquake|p1a: Gliscor\n|-activate|p1a: Gliscor|move: Protect\n|\n|-heal|p1a: Gliscor|70/239 tox|[from] ability: Poison Heal\n|upkeep\n|turn|49\n|\n|t:|1782735171\n|switch|p1a: Gholdengo|Gholdengo, L77|248/261\n|-damage|p1a: Gholdengo|232/261|[from] Stealth Rock\n|move|p2a: Ho-Oh|Sacred Fire|p1a: Gholdengo\n|-supereffective|p1a: Gholdengo\n|-damage|p1a: Gholdengo|32/261\n|-status|p1a: Gholdengo|brn\n|\n|-heal|p1a: Gholdengo|48/261 brn|[from] item: Leftovers\n|-damage|p1a: Gholdengo|32/261 brn|[from] brn\n|upkeep\n|turn|50\n|-message|shutuprwdv forfeited.\n|\n|win|elfowls\n", "inputlog": ">version 3f8ef8cf60cebd2b18892af2794d10415e14a302\n>start {\"formatid\":\"gen9randombattle\",\"seed\":\"sodium,3e52a69c6b4adc122eb08db196713ef8\",\"rated\":\"Rated battle\"}\n>player p1 {\"name\":\"shutuprwdv\",\"avatar\":\"biker-gen4\",\"rating\":2090,\"seed\":\"sodium,d7a9b6d456258e37a9a8e5c868ce79ce\"}\n>player p2 {\"name\":\"elfowls\",\"avatar\":\"morty\",\"rating\":2093,\"seed\":\"sodium,b363729caf67e98b18c7b979a7acefad\"}\n>p1 move bravebird\n>p2 move bravebird\n>p1 switch 5\n>p1 move shadowball\n>p2 switch 3\n>p1 switch 4\n>p2 move sacredfire\n>p1 move uturn\n>p2 switch 5\n>p1 switch 6\n>p1 move stunspore\n>p2 move stealthrock\n>p1 move stunspore\n>p2 move yawn\n>p1 move stunspore\n>p2 switch 3\n>p1 move protect\n>p2 move knockoff\n>p1 switch 4\n>p2 switch 5\n>p1 switch 6\n>p2 move sacredfire\n>p1 move hydropump\n>p2 switch 5\n>p1 move icebeam\n>p2 switch 3\n>p1 move uturn\n>p2 switch 5\n>p1 switch 3\n>p1 move toxic\n>p2 switch 3\n>p1 move substitute\n>p2 move bravebird\n>p2 switch 4\n>p1 switch 3\n>p2 move tailglow\n>p1 move encore\n>p2 switch 5\n>p1 move uturn\n>p2 move psychicnoise\n>p1 switch 4\n>p1 move knockoff\n>p2 switch 3\n>p1 switch 3\n>p2 move sacredfire\n>p1 move toxic\n>p2 switch 3\n>p1 move protect\n>p2 switch 5\n>p1 switch 2\n>p2 move icebeam\n>p1 move bodyslam\n>p2 switch 5\n>p1 switch 3\n>p2 move psychicnoise\n>p1 move protect\n>p2 switch 3\n>p1 switch 2\n>p2 switch 2\n>p1 move toxic\n>p2 move trick\n>p1 switch 6\n>p2 move uturn\n>p2 switch 2\n>p1 switch 6\n>p2 move sacredfire\n>p1 switch 6\n>p2 switch 2\n>p1 switch 6\n>p2 switch 2\n>p1 move toxic\n>p2 switch 3\n>p1 switch 2\n>p2 switch 2\n>p1 move protect\n>p2 move uturn\n>p1 switch 2\n>p2 move uturn\n>p2 switch 5\n>p1 switch 3\n>p2 move tailglow\n>p1 move bodyslam\n>p2 move surf\n>p1 move bodyslam\n>p2 move surf\n>p1 switch 4\n>p1 move encore\n>p2 switch 2\n>p1 move uturn\n>p2 move yawn\n>p1 switch 2\n>p1 move leechseed\n>p2 move psychicnoise\n>p1 move protect\n>p2 switch 3\n>p1 switch 3\n>p2 move bravebird\n>p1 move protect\n>p2 move bravebird\n>p1 move protect\n>p2 move sacredfire\n>p1 move protect\n>p2 move sacredfire\n>p1 move protect\n>p2 move earthquake\n>p1 switch 6\n>p2 move sacredfire\n>forcelose p1", "uploadtime": 1782734694, "views": 4, "formatid": "gen9randombattle", "rating": null, "private": 0, "password": null, "player_dets": [{"name": "shutuprwdv", "avatar": "biker-gen4", "rating": 2090, "seed": "sodium,d7a9b6d456258e37a9a8e5c868ce79ce"}, {"name": "elfowls", "avatar": "morty", "rating": 2093, "seed": "sodium,b363729caf67e98b18c7b979a7acefad"}], "teams_full": [{"Dodrio": {"name": "Dodrio", "species": "Dodrio", "speciesId": "dodrio", "gender": "M", "shiny": false, "level": 85, "moves": ["drillrun", "quickattack", "bravebird", "knockoff"], "ability": "Early Bird", "evs": {"hp": 85, "atk": 85, "def": 85, "spa": 85, "spd": 85, "spe": 85}, "ivs": {"hp": 31, "atk": 31, "def": 31, "spa": 31, "spd": 31, "spe": 31}, "item": "Choice Band", "teraType": "Flying", "role": "Fast Attacker", "bvs": {"hp": 60, "atk": 110, "def": 70, "spa": 60, "spd": 60, "spe": 110}, "stats": {"hp": 241, "atk": 236, "def": 168, "spa": 151, "spd": 151, "spe": 236}, "types": ["Normal", "Flying"]}, "Dunsparce": {"name": "Dunsparce", "species": "Dunsparce", "speciesId": "dunsparce", "gender": "M", "shiny": false, "level": 86, "moves": ["bodyslam", "coil", "roost", "earthquake"], "ability": "Serene Grace", "evs": {"hp": 85, "atk": 85, "def": 85, "spa": 85, "spd": 85, "spe": 85}, "ivs": {"hp": 31, "atk": 31, "def": 31, "spa": 31, "spd": 31, "spe": 31}, "item": "Eviolite", "teraType": "Ghost", "role": "Bulky Setup", "bvs": {"hp": 100, "atk": 70, "def": 70, "spa": 65, "spd": 65, "spe": 45}, "stats": {"hp": 312, "atk": 170, "def": 170, "spa": 161, "spd": 161, "spe": 127}, "types": ["Normal"]}, "Gliscor": {"name": "Gliscor", "species": "Gliscor", "speciesId": "gliscor", "gender": "F", "shiny": false, "level": 76, "moves": ["earthquake", "substitute", "toxic", "protect"], "ability": "Poison Heal", "evs": {"hp": 85, "atk": 85, "def": 85, "spa": 85, "spd": 85, "spe": 85}, "ivs": {"hp": 31, "atk": 31, "def": 31, "spa": 31, "spd": 31, "spe": 31}, "item": "Toxic Orb", "teraType": "Water", "role": "Fast Support", "bvs": {"hp": 75, "atk": 95, "def": 125, "spa": 45, "spd": 75, "spe": 95}, "stats": {"hp": 239, "atk": 188, "def": 234, "spa": 112, "spd": 158, "spe": 188}, "types": ["Ground", "Flying"]}, "Lumineon": {"name": "Lumineon", "species": "Lumineon", "speciesId": "lumineon", "gender": "F", "shiny": false, "level": 93, "moves": ["hydropump", "icebeam", "uturn", "encore"], "ability": "Storm Drain", "evs": {"hp": 85, "atk": 85, "def": 85, "spa": 85, "spd": 85, "spe": 85}, "ivs": {"hp": 31, "atk": 31, "def": 31, "spa": 31, "spd": 31, "spe": 31}, "item": "Heavy-Duty Boots", "teraType": "Steel", "role": "Fast Support", "bvs": {"hp": 69, "atk": 69, "def": 76, "spa": 69, "spd": 86, "spe": 91}, "stats": {"hp": 279, "atk": 181, "def": 194, "spa": 181, "spd": 213, "spe": 222}, "types": ["Water"]}, "Gholdengo": {"name": "Gholdengo", "species": "Gholdengo", "speciesId": "gholdengo", "gender": "N", "shiny": false, "level": 77, "moves": ["nastyplot", "makeitrain", "shadowball", "focusblast"], "ability": "Good as Gold", "evs": {"hp": 85, "atk": 0, "def": 85, "spa": 85, "spd": 85, "spe": 85}, "ivs": {"hp": 31, "atk": 0, "def": 31, "spa": 31, "spd": 31, "spe": 31}, "item": "Leftovers", "teraType": "Ghost", "role": "Bulky Attacker", "bvs": {"hp": 87, "atk": 60, "def": 95, "spa": 133, "spd": 91, "spe": 84}, "stats": {"hp": 261, "atk": 97, "def": 191, "spa": 249, "spd": 185, "spe": 174}, "types": ["Steel", "Ghost"]}, "Wo-Chien": {"name": "Wo-Chien", "species": "Wo-Chien", "speciesId": "wochien", "gender": "N", "shiny": false, "level": 83, "moves": ["stunspore", "leechseed", "knockoff", "protect"], "ability": "Tablets of Ruin", "evs": {"hp": 85, "atk": 85, "def": 85, "spa": 85, "spd": 85, "spe": 85}, "ivs": {"hp": 31, "atk": 31, "def": 31, "spa": 31, "spd": 31, "spe": 31}, "item": "Leftovers", "teraType": "Poison", "role": "Bulky Support", "bvs": {"hp": 85, "atk": 85, "def": 100, "spa": 95, "spd": 135, "spe": 70}, "stats": {"hp": 277, "atk": 189, "def": 214, "spa": 205, "spd": 272, "spe": 164}, "types": ["Dark", "Grass"]}}, {"Dodrio": {"name": "Dodrio", "species": "Dodrio", "speciesId": "dodrio", "gender": "F", "shiny": false, "level": 85, "moves": ["bravebird", "knockoff", "drillrun", "doubleedge"], "ability": "Early Bird", "evs": {"hp": 85, "atk": 85, "def": 85, "spa": 85, "spd": 85, "spe": 85}, "ivs": {"hp": 31, "atk": 31, "def": 31, "spa": 31, "spd": 31, "spe": 31}, "item": "Choice Band", "teraType": "Normal", "role": "Fast Attacker", "bvs": {"hp": 60, "atk": 110, "def": 70, "spa": 60, "spd": 60, "spe": 110}, "stats": {"hp": 241, "atk": 236, "def": 168, "spa": 151, "spd": 151, "spe": 236}, "types": ["Normal", "Flying"]}, "Furret": {"name": "Furret", "species": "Furret", "speciesId": "furret", "gender": "M", "shiny": false, "level": 94, "moves": ["uturn", "trick", "doubleedge", "knockoff"], "ability": "Frisk", "evs": {"hp": 85, "atk": 85, "def": 85, "spa": 85, "spd": 85, "spe": 85}, "ivs": {"hp": 31, "atk": 31, "def": 31, "spa": 31, "spd": 31, "spe": 31}, "item": "Choice Band", "teraType": "Ghost", "role": "Wallbreaker", "bvs": {"hp": 85, "atk": 76, "def": 64, "spa": 45, "spd": 55, "spe": 90}, "stats": {"hp": 312, "atk": 196, "def": 174, "spa": 138, "spd": 157, "spe": 223}, "types": ["Normal"]}, "Ho-Oh": {"name": "Ho-Oh", "species": "Ho-Oh", "speciesId": "hooh", "gender": "N", "shiny": false, "level": 71, "moves": ["recover", "sacredfire", "bravebird", "earthquake"], "ability": "Regenerator", "evs": {"hp": 85, "atk": 85, "def": 85, "spa": 85, "spd": 85, "spe": 85}, "ivs": {"hp": 31, "atk": 31, "def": 31, "spa": 31, "spd": 31, "spe": 31}, "item": "Heavy-Duty Boots", "teraType": "Ground", "role": "Bulky Attacker", "bvs": {"hp": 106, "atk": 130, "def": 90, "spa": 110, "spd": 154, "spe": 90}, "stats": {"hp": 268, "atk": 226, "def": 169, "spa": 198, "spd": 260, "spe": 169}, "types": ["Fire", "Flying"]}, "Manaphy": {"name": "Manaphy", "species": "Manaphy", "speciesId": "manaphy", "gender": "N", "shiny": false, "level": 78, "moves": ["icebeam", "energyball", "surf", "tailglow"], "ability": "Hydration", "evs": {"hp": 85, "atk": 0, "def": 85, "spa": 85, "spd": 85, "spe": 85}, "ivs": {"hp": 31, "atk": 0, "def": 31, "spa": 31, "spd": 31, "spe": 31}, "item": "Leftovers", "teraType": "Grass", "role": "Bulky Setup", "bvs": {"hp": 100, "atk": 100, "def": 100, "spa": 100, "spd": 100, "spe": 100}, "stats": {"hp": 284, "atk": 161, "def": 201, "spa": 201, "spd": 201, "spe": 201}, "types": ["Water"]}, "Uxie": {"name": "Uxie", "species": "Uxie", "speciesId": "uxie", "gender": "N", "shiny": false, "level": 83, "moves": ["encore", "psychicnoise", "yawn", "stealthrock"], "ability": "Levitate", "evs": {"hp": 85, "atk": 0, "def": 85, "spa": 85, "spd": 85, "spe": 85}, "ivs": {"hp": 31, "atk": 0, "def": 31, "spa": 31, "spd": 31, "spe": 31}, "item": "Leftovers", "teraType": "Steel", "role": "Bulky Support", "bvs": {"hp": 75, "atk": 75, "def": 130, "spa": 75, "spd": 130, "spe": 95}, "stats": {"hp": 260, "atk": 129, "def": 263, "spa": 172, "spd": 263, "spe": 205}, "types": ["Psychic"]}, "Banette": {"name": "Banette", "species": "Banette", "speciesId": "banette", "gender": "F", "shiny": false, "level": 93, "moves": ["poltergeist", "gunkshot", "shadowsneak", "thunderwave"], "ability": "Cursed Body", "evs": {"hp": 85, "atk": 85, "def": 85, "spa": 85, "spd": 85, "spe": 85}, "ivs": {"hp": 31, "atk": 31, "def": 31, "spa": 31, "spd": 31, "spe": 31}, "item": "Life Orb", "teraType": "Poison", "role": "Wallbreaker", "bvs": {"hp": 64, "atk": 115, "def": 65, "spa": 83, "spd": 63, "spe": 65}, "stats": {"hp": 270, "atk": 267, "def": 174, "spa": 207, "spd": 170, "spe": 174}, "types": ["Ghost"]}}]}