{"id": "gen9randombattle-2641633050", "format": "[Gen 9] Random Battle", "players": ["xbox350", "SquadLeCuisto"], "log": "|j|\u2606xbox350\n|j|\u2606SquadLeCuisto\n|t:|1782822223\n|gametype|singles\n|player|p1|xbox350|schoolkid-gen4|2161\n|player|p2|SquadLeCuisto|102|2154\n|gen|9\n|tier|[Gen 9] Random Battle\n|rated|\n|rule|Species Clause: Limit one of each Pok\u00e9mon\n|rule|HP Percentage Mod: HP is shown in percentages\n|rule|Sleep Clause Mod: Limit one foe put to sleep\n|rule|Illusion Level Mod: Illusion disguises the Pok\u00e9mon's true level\n|\n|t:|1782822223\n|teamsize|p1|6\n|teamsize|p2|6\n|start\n|switch|p1a: Kommo-o|Kommo-o, L78, F|245/245\n|switch|p2a: Banette|Banette, L93, F|270/270\n|turn|1\n|inactive|Battle timer is ON: inactive players will automatically lose when time's up. (requested by xbox350)\n|inactive|SquadLeCuisto has 120 seconds left.\n|\n|t:|1782822258\n|move|p1a: Kommo-o|Swords Dance|p1a: Kommo-o\n|-boost|p1a: Kommo-o|atk|2\n|move|p2a: Banette|Gunk Shot|p1a: Kommo-o\n|-damage|p1a: Kommo-o|112/245\n|-damage|p2a: Banette|243/270|[from] item: Life Orb\n|\n|upkeep\n|turn|2\n|\n|t:|1782822265\n|move|p1a: Kommo-o|Scale Shot|p2a: Banette|[miss]\n|-miss|p1a: Kommo-o|p2a: Banette\n|move|p2a: Banette|Gunk Shot|p1a: Kommo-o|[miss]\n|-miss|p2a: Banette|p1a: Kommo-o\n|\n|upkeep\n|turn|3\n|inactive|SquadLeCuisto has 120 seconds left.\n|\n|t:|1782822297\n|switch|p2a: Diancie|Diancie, L82|216/216\n|move|p1a: Kommo-o|Scale Shot|p2a: Diancie\n|-immune|p2a: Diancie\n|\n|upkeep\n|turn|4\n|\n|t:|1782822301\n|move|p1a: Kommo-o|Iron Head|p2a: Diancie\n|-supereffective|p2a: Diancie\n|-damage|p2a: Diancie|0 fnt\n|faint|p2a: Diancie\n|\n|upkeep\n|c|\u2606xbox350|okay\n|\n|t:|1782822310\n|switch|p2a: Espathra|Espathra, L80, F|283/283\n|turn|5\n|\n|t:|1782822313\n|move|p2a: Espathra|Lumina Crash|p1a: Kommo-o\n|-supereffective|p1a: Kommo-o\n|-damage|p1a: Kommo-o|0 fnt\n|faint|p1a: Kommo-o\n|\n|-ability|p2a: Espathra|Speed Boost|boost\n|-boost|p2a: Espathra|spe|1\n|upkeep\n|\n|t:|1782822322\n|switch|p1a: Persian|Persian-Alola, L86, M|252/252\n|turn|6\n|\n|t:|1782822331\n|switch|p2a: Hydrapple|Hydrapple, L83, M|312/312\n|move|p1a: Persian|Thunder Wave|p2a: Hydrapple\n|-status|p2a: Hydrapple|par\n|\n|upkeep\n|turn|7\n|\n|t:|1782822338\n|move|p1a: Persian|Parting Shot|p2a: Hydrapple\n|-unboost|p2a: Hydrapple|atk|1\n|-unboost|p2a: Hydrapple|spa|1\n|\n|t:|1782822350\n|switch|p1a: Hitmonchan|Hitmonchan, L87, M|229/229|[from] Parting Shot\n|move|p2a: Hydrapple|Fickle Beam|p1a: Hitmonchan\n|-damage|p1a: Hitmonchan|174/229\n|\n|upkeep\n|turn|8\n|\n|t:|1782822362\n|move|p1a: Hitmonchan|Knock Off|p2a: Hydrapple\n|-damage|p2a: Hydrapple|228/312 par\n|-enditem|p2a: Hydrapple|Assault Vest|[from] move: Knock Off|[of] p1a: Hitmonchan\n|-damage|p1a: Hitmonchan|152/229|[from] item: Life Orb\n|cant|p2a: Hydrapple|par\n|\n|upkeep\n|turn|9\n|\n|t:|1782822369\n|move|p1a: Hitmonchan|Swords Dance|p1a: Hitmonchan\n|-boost|p1a: Hitmonchan|atk|2\n|move|p2a: Hydrapple|Fickle Beam|p1a: Hitmonchan\n|-damage|p1a: Hitmonchan|101/229\n|\n|upkeep\n|turn|10\n|\n|t:|1782822376\n|switch|p2a: Espathra|Espathra, L80, F|283/283\n|move|p1a: Hitmonchan|Drain Punch|p2a: Espathra\n|-resisted|p2a: Espathra\n|-damage|p2a: Espathra|83/283\n|-heal|p1a: Hitmonchan|201/229|[from] drain|[of] p2a: Espathra\n|-damage|p1a: Hitmonchan|179/229|[from] item: Life Orb\n|\n|upkeep\n|turn|11\n|\n|t:|1782822380\n|move|p1a: Hitmonchan|Mach Punch|p2a: Espathra\n|-resisted|p2a: Espathra\n|-damage|p2a: Espathra|0 fnt\n|faint|p2a: Espathra\n|-damage|p1a: Hitmonchan|157/229|[from] item: Life Orb\n|\n|upkeep\n|\n|t:|1782822393\n|switch|p2a: Ogerpon|Ogerpon-Hearthflame, L74, F|239/239\n|-ability|p2a: Ogerpon|Mold Breaker\n|turn|12\n|\n|t:|1782822398\n|-terastallize|p2a: Ogerpon|Fire\n|detailschange|p2a: Ogerpon|Ogerpon-Hearthflame-Tera, L74, F, tera:Fire\n|-ability|p2a: Ogerpon|Embody Aspect (Hearthflame)|boost\n|-boost|p2a: Ogerpon|atk|1\n|move|p2a: Ogerpon|Ivy Cudgel|p1a: Hitmonchan|[anim] Ivy Cudgel Fire\n|-damage|p1a: Hitmonchan|0 fnt\n|faint|p1a: Hitmonchan\n|\n|upkeep\n|\n|t:|1782822426\n|switch|p1a: Cinderace|Cinderace, L77, M|249/249\n|turn|13\n|\n|t:|1782822434\n|switch|p2a: Donphan|Donphan, L84, F|288/288\n|move|p1a: Cinderace|Gunk Shot|p2a: Donphan\n|-start|p1a: Cinderace|typechange|Poison|[from] ability: Libero\n|-resisted|p2a: Donphan\n|-damage|p2a: Donphan|220/288\n|\n|-heal|p2a: Donphan|238/288|[from] item: Leftovers\n|upkeep\n|turn|14\n|\n|t:|1782822455\n|switch|p1a: Persian|Persian-Alola, L86, M|252/252\n|move|p2a: Donphan|Stealth Rock|p1a: Persian\n|-sidestart|p1: xbox350|move: Stealth Rock\n|\n|-heal|p2a: Donphan|256/288|[from] item: Leftovers\n|upkeep\n|turn|15\n|\n|t:|1782822464\n|switch|p2a: Hydrapple|Hydrapple, L83, M|312/312 par\n|move|p1a: Persian|Foul Play|p2a: Hydrapple\n|-damage|p2a: Hydrapple|240/312 par\n|\n|upkeep\n|turn|16\n|\n|t:|1782822469\n|move|p1a: Persian|Parting Shot|p2a: Hydrapple\n|-unboost|p2a: Hydrapple|atk|1\n|-unboost|p2a: Hydrapple|spa|1\n|\n|t:|1782822486\n|switch|p1a: Cinderace|Cinderace, L77, M|249/249|[from] Parting Shot\n|-damage|p1a: Cinderace|187/249|[from] Stealth Rock\n|move|p2a: Hydrapple|Fickle Beam|p1a: Cinderace\n|-damage|p1a: Cinderace|103/249\n|\n|upkeep\n|turn|17\n|\n|t:|1782822496\n|switch|p2a: Donphan|Donphan, L84, F|256/288\n|move|p1a: Cinderace|Gunk Shot|p2a: Donphan\n|-start|p1a: Cinderace|typechange|Poison|[from] ability: Libero\n|-resisted|p2a: Donphan\n|-damage|p2a: Donphan|180/288\n|-status|p2a: Donphan|psn\n|\n|-heal|p2a: Donphan|198/288 psn|[from] item: Leftovers\n|-damage|p2a: Donphan|162/288 psn|[from] psn\n|upkeep\n|turn|18\n|\n|t:|1782822504\n|switch|p1a: Persian|Persian-Alola, L86, M|252/252\n|move|p2a: Donphan|Earthquake|p1a: Persian\n|-damage|p1a: Persian|173/252\n|\n|-heal|p2a: Donphan|180/288 psn|[from] item: Leftovers\n|-damage|p2a: Donphan|144/288 psn|[from] psn\n|upkeep\n|turn|19\n|\n|t:|1782822508\n|switch|p2a: Hydrapple|Hydrapple, L83, M|312/312 par\n|move|p1a: Persian|Foul Play|p2a: Hydrapple\n|-damage|p2a: Hydrapple|242/312 par\n|\n|upkeep\n|turn|20\n|\n|t:|1782822515\n|move|p1a: Persian|Parting Shot|p2a: Hydrapple\n|-unboost|p2a: Hydrapple|atk|1\n|-unboost|p2a: Hydrapple|spa|1\n|\n|t:|1782822518\n|switch|p1a: Dachsbun|Dachsbun, L92, M|254/254|[from] Parting Shot\n|-damage|p1a: Dachsbun|223/254|[from] Stealth Rock\n|move|p2a: Hydrapple|Fickle Beam|p1a: Dachsbun\n|-immune|p1a: Dachsbun\n|\n|-heal|p1a: Dachsbun|238/254|[from] item: Leftovers\n|upkeep\n|turn|21\n|\n|t:|1782822525\n|switch|p2a: Banette|Banette, L93, F|243/270\n|move|p1a: Dachsbun|Wish|p1a: Dachsbun\n|\n|-heal|p1a: Dachsbun|253/254|[from] item: Leftovers\n|upkeep\n|turn|22\n|\n|t:|1782822532\n|switch|p1a: Persian|Persian-Alola, L86, M|173/252\n|move|p2a: Banette|Gunk Shot|p1a: Persian\n|-damage|p1a: Persian|72/252\n|-damage|p2a: Banette|216/270|[from] item: Life Orb\n|\n|-heal|p1a: Persian|199/252|[from] move: Wish|[wisher] Dachsbun\n|upkeep\n|turn|23\n|\n|t:|1782822543\n|switch|p2a: Hydrapple|Hydrapple, L83, M|312/312 par\n|move|p1a: Persian|Parting Shot|p2a: Hydrapple\n|-unboost|p2a: Hydrapple|atk|1\n|-unboost|p2a: Hydrapple|spa|1\n|\n|t:|1782822547\n|switch|p1a: Dachsbun|Dachsbun, L92, M|253/254|[from] Parting Shot\n|-damage|p1a: Dachsbun|222/254|[from] Stealth Rock\n|\n|-heal|p1a: Dachsbun|237/254|[from] item: Leftovers\n|upkeep\n|turn|24\n|\n|t:|1782822549\n|switch|p2a: Banette|Banette, L93, F|216/270\n|move|p1a: Dachsbun|Wish|p1a: Dachsbun\n|\n|-heal|p1a: Dachsbun|252/254|[from] item: Leftovers\n|upkeep\n|turn|25\n|\n|t:|1782822555\n|switch|p1a: Salazzle|Salazzle, L83, F|249/249\n|move|p2a: Banette|Gunk Shot|p1a: Salazzle|[miss]\n|-miss|p2a: Banette|p1a: Salazzle\n|\n|upkeep\n|turn|26\n|\n|t:|1782822560\n|move|p1a: Salazzle|Nasty Plot|p1a: Salazzle\n|-boost|p1a: Salazzle|spa|2\n|move|p2a: Banette|Poltergeist|p1a: Salazzle\n|-activate|p1a: Salazzle|move: Poltergeist|Heavy-Duty Boots\n|-damage|p1a: Salazzle|0 fnt\n|faint|p1a: Salazzle\n|-damage|p2a: Banette|189/270|[from] item: Life Orb\n|\n|upkeep\n|\n|t:|1782822571\n|switch|p1a: Persian|Persian-Alola, L86, M|199/252\n|turn|27\n|\n|t:|1782822580\n|switch|p2a: Hydrapple|Hydrapple, L83, M|312/312 par\n|move|p1a: Persian|Parting Shot|p2a: Hydrapple\n|-unboost|p2a: Hydrapple|atk|1\n|-unboost|p2a: Hydrapple|spa|1\n|\n|t:|1782822585\n|switch|p1a: Dachsbun|Dachsbun, L92, M|252/254|[from] Parting Shot\n|-damage|p1a: Dachsbun|221/254|[from] Stealth Rock\n|\n|-heal|p1a: Dachsbun|236/254|[from] item: Leftovers\n|upkeep\n|turn|28\n|\n|t:|1782822595\n|switch|p2a: Donphan|Donphan, L84, F|144/288 psn\n|move|p1a: Dachsbun|Wish|p1a: Dachsbun\n|\n|-heal|p1a: Dachsbun|251/254|[from] item: Leftovers\n|-heal|p2a: Donphan|162/288 psn|[from] item: Leftovers\n|-damage|p2a: Donphan|126/288 psn|[from] psn\n|upkeep\n|turn|29\n|\n|t:|1782822602\n|move|p1a: Dachsbun|Play Rough|p2a: Donphan\n|-damage|p2a: Donphan|48/288 psn\n|move|p2a: Donphan|Earthquake|p1a: Dachsbun\n|-damage|p1a: Dachsbun|160/254\n|\n|-heal|p1a: Dachsbun|254/254|[from] move: Wish|[wisher] Dachsbun\n|-heal|p2a: Donphan|66/288 psn|[from] item: Leftovers\n|-damage|p2a: Donphan|30/288 psn|[from] psn\n|upkeep\n|turn|30\n|\n|t:|1782822609\n|move|p1a: Dachsbun|Protect|p1a: Dachsbun\n|-singleturn|p1a: Dachsbun|Protect\n|move|p2a: Donphan|Knock Off|p1a: Dachsbun\n|-activate|p1a: Dachsbun|move: Protect\n|\n|-heal|p2a: Donphan|48/288 psn|[from] item: Leftovers\n|-damage|p2a: Donphan|12/288 psn|[from] psn\n|upkeep\n|turn|31\n|\n|t:|1782822615\n|move|p1a: Dachsbun|Body Press|p2a: Donphan\n|-damage|p2a: Donphan|0 fnt\n|faint|p2a: Donphan\n|\n|upkeep\n|\n|t:|1782822633\n|switch|p2a: Banette|Banette, L93, F|189/270\n|turn|32\n|\n|t:|1782822637\n|-terastallize|p1a: Dachsbun|Steel\n|move|p1a: Dachsbun|Play Rough|p2a: Banette\n|-damage|p2a: Banette|81/270\n|-start|p1a: Dachsbun|Disable|Play Rough|[from] ability: Cursed Body|[of] p2a: Banette\n|move|p2a: Banette|Gunk Shot|p1a: Dachsbun\n|-immune|p1a: Dachsbun\n|\n|upkeep\n|turn|33\n|\n|t:|1782822645\n|switch|p1a: Persian|Persian-Alola, L86, M|199/252\n|move|p2a: Banette|Poltergeist|p1a: Persian\n|-activate|p1a: Persian|move: Poltergeist|Heavy-Duty Boots\n|-resisted|p1a: Persian\n|-damage|p1a: Persian|137/252\n|-damage|p2a: Banette|54/270|[from] item: Life Orb\n|\n|upkeep\n|turn|34\n|\n|t:|1782822649\n|switch|p2a: Hydrapple|Hydrapple, L83, M|312/312 par\n|move|p1a: Persian|Foul Play|p2a: Hydrapple\n|-damage|p2a: Hydrapple|236/312 par\n|\n|upkeep\n|turn|35\n|\n|t:|1782822655\n|move|p1a: Persian|Parting Shot|p2a: Hydrapple\n|-unboost|p2a: Hydrapple|atk|1\n|-unboost|p2a: Hydrapple|spa|1\n|\n|t:|1782822657\n|switch|p1a: Dachsbun|Dachsbun, L92, M, tera:Steel|254/254|[from] Parting Shot\n|-damage|p1a: Dachsbun|239/254|[from] Stealth Rock\n|move|p2a: Hydrapple|Earth Power|p1a: Dachsbun\n|-supereffective|p1a: Dachsbun\n|-damage|p1a: Dachsbun|147/254\n|\n|-heal|p1a: Dachsbun|162/254|[from] item: Leftovers\n|upkeep\n|turn|36\n|\n|t:|1782822662\n|move|p1a: Dachsbun|Wish|p1a: Dachsbun\n|move|p2a: Hydrapple|Earth Power|p1a: Dachsbun\n|-supereffective|p1a: Dachsbun\n|-damage|p1a: Dachsbun|72/254\n|\n|-heal|p1a: Dachsbun|87/254|[from] item: Leftovers\n|upkeep\n|turn|37\n|\n|t:|1782822666\n|switch|p2a: Ogerpon|Ogerpon-Hearthflame-Tera, L74, F, tera:Fire|239/239\n|-ability|p2a: Ogerpon|Embody Aspect (Hearthflame)|boost\n|-boost|p2a: Ogerpon|atk|1\n|move|p1a: Dachsbun|Protect||[still]\n|-fail|p1a: Dachsbun\n|\n|-heal|p1a: Dachsbun|214/254|[from] move: Wish|[wisher] Dachsbun\n|-heal|p1a: Dachsbun|229/254|[from] item: Leftovers\n|upkeep\n|turn|38\n|\n|t:|1782822672\n|switch|p1a: Cinderace|Cinderace, L77, M|103/249\n|-damage|p1a: Cinderace|41/249|[from] Stealth Rock\n|move|p2a: Ogerpon|Swords Dance|p2a: Ogerpon\n|-boost|p2a: Ogerpon|atk|2\n|\n|upkeep\n|turn|39\n|\n|t:|1782822682\n|move|p1a: Cinderace|Gunk Shot|p2a: Ogerpon\n|-start|p1a: Cinderace|typechange|Poison|[from] ability: Libero\n|-damage|p2a: Ogerpon|19/239\n|move|p2a: Ogerpon|Trailblaze|p1a: Cinderace\n|-resisted|p1a: Cinderace\n|-damage|p1a: Cinderace|0 fnt\n|-boost|p2a: Ogerpon|spe|1\n|faint|p1a: Cinderace\n|\n|upkeep\n|\n|t:|1782822689\n|switch|p1a: Dachsbun|Dachsbun, L92, M, tera:Steel|229/254\n|-damage|p1a: Dachsbun|214/254|[from] Stealth Rock\n|turn|40\n|\n|t:|1782822692\n|move|p2a: Ogerpon|Horn Leech|p1a: Dachsbun\n|-resisted|p1a: Dachsbun\n|-damage|p1a: Dachsbun|130/254\n|-heal|p2a: Ogerpon|61/239|[from] drain|[of] p1a: Dachsbun\n|move|p1a: Dachsbun|Body Press|p2a: Ogerpon\n|-damage|p2a: Ogerpon|0 fnt\n|faint|p2a: Ogerpon\n|detailschange|p2: Ogerpon|Ogerpon-Hearthflame, L74, F|[silent]\n|\n|-heal|p1a: Dachsbun|145/254|[from] item: Leftovers\n|upkeep\n|\n|t:|1782822698\n|switch|p2a: Hydrapple|Hydrapple, L83, M|312/312 par\n|turn|41\n|\n|t:|1782822710\n|move|p1a: Dachsbun|Protect|p1a: Dachsbun\n|-singleturn|p1a: Dachsbun|Protect\n|move|p2a: Hydrapple|Earth Power|p1a: Dachsbun\n|-activate|p1a: Dachsbun|move: Protect\n|\n|-heal|p1a: Dachsbun|160/254|[from] item: Leftovers\n|upkeep\n|turn|42\n|\n|t:|1782822715\n|switch|p1a: Persian|Persian-Alola, L86, M|137/252\n|move|p2a: Hydrapple|Earth Power|p1a: Persian\n|-damage|p1a: Persian|46/252\n|\n|upkeep\n|turn|43\n|\n|t:|1782822732\n|move|p1a: Persian|Parting Shot|p2a: Hydrapple\n|-unboost|p2a: Hydrapple|atk|1\n|-unboost|p2a: Hydrapple|spa|1\n|\n|t:|1782822735\n|switch|p1a: Dachsbun|Dachsbun, L92, M, tera:Steel|160/254|[from] Parting Shot\n|-damage|p1a: Dachsbun|145/254|[from] Stealth Rock\n|move|p2a: Hydrapple|Dragon Tail|p1a: Dachsbun\n|-resisted|p1a: Dachsbun\n|-damage|p1a: Dachsbun|130/254\n|drag|p1a: Persian|Persian-Alola, L86, M|46/252\n|\n|upkeep\n|turn|44\n|\n|t:|1782822742\n|move|p1a: Persian|Parting Shot|p2a: Hydrapple\n|-unboost|p2a: Hydrapple|atk|1\n|-unboost|p2a: Hydrapple|spa|1\n|\n|t:|1782822744\n|switch|p1a: Dachsbun|Dachsbun, L92, M, tera:Steel|130/254|[from] Parting Shot\n|-damage|p1a: Dachsbun|115/254|[from] Stealth Rock\n|move|p2a: Hydrapple|Earth Power|p1a: Dachsbun\n|-supereffective|p1a: Dachsbun\n|-damage|p1a: Dachsbun|39/254\n|\n|-heal|p1a: Dachsbun|54/254|[from] item: Leftovers\n|upkeep\n|turn|45\n|\n|t:|1782822753\n|move|p1a: Dachsbun|Wish|p1a: Dachsbun\n|cant|p2a: Hydrapple|par\n|\n|-heal|p1a: Dachsbun|69/254|[from] item: Leftovers\n|upkeep\n|turn|46\n|\n|t:|1782822758\n|switch|p2a: Banette|Banette, L93, F|54/270\n|move|p1a: Dachsbun|Play Rough|p2a: Banette\n|-damage|p2a: Banette|0 fnt\n|faint|p2a: Banette\n|\n|-heal|p1a: Dachsbun|196/254|[from] move: Wish|[wisher] Dachsbun\n|-heal|p1a: Dachsbun|211/254|[from] item: Leftovers\n|upkeep\n|\n|t:|1782822761\n|switch|p2a: Hydrapple|Hydrapple, L83, M|312/312 par\n|turn|47\n|\n|t:|1782822765\n|move|p1a: Dachsbun|Protect|p1a: Dachsbun\n|-singleturn|p1a: Dachsbun|Protect\n|move|p2a: Hydrapple|Earth Power|p1a: Dachsbun\n|-activate|p1a: Dachsbun|move: Protect\n|\n|-heal|p1a: Dachsbun|226/254|[from] item: Leftovers\n|upkeep\n|turn|48\n|\n|t:|1782822781\n|move|p1a: Dachsbun|Play Rough|p2a: Hydrapple\n|-supereffective|p2a: Hydrapple\n|-crit|p2a: Hydrapple\n|-damage|p2a: Hydrapple|72/312 par\n|move|p2a: Hydrapple|Earth Power|p1a: Dachsbun\n|-supereffective|p1a: Dachsbun\n|-damage|p1a: Dachsbun|72/254\n|\n|-heal|p1a: Dachsbun|87/254|[from] item: Leftovers\n|upkeep\n|turn|49\n|\n|t:|1782822789\n|move|p1a: Dachsbun|Play Rough|p2a: Hydrapple\n|-supereffective|p2a: Hydrapple\n|-damage|p2a: Hydrapple|0 fnt\n|faint|p2a: Hydrapple\n|\n|win|xbox350\n|raw|xbox350's rating: 2161 &rarr; <strong>2182</strong><br />(+21 for winning)\n|raw|SquadLeCuisto's rating: 2171 &rarr; <strong>2150</strong><br />(-21 for losing)\n", "inputlog": ">version f8ac14003a5f27e1bdc8d8c59608a773c1cb96e5\n>start {\"formatid\":\"gen9randombattle\",\"seed\":\"sodium,ccab9528d3278b41d5c1858962e2f2f6\",\"rated\":\"Rated battle\"}\n>player p1 {\"name\":\"xbox350\",\"avatar\":\"schoolkid-gen4\",\"rating\":2161,\"seed\":\"sodium,9a1fe2678fc047511fbffba71b03e850\"}\n>player p2 {\"name\":\"SquadLeCuisto\",\"avatar\":\"102\",\"rating\":2154,\"seed\":\"sodium,e6ed3666e74b71551ab095a34997e607\"}\n>p1 move swordsdance\n>p2 move gunkshot\n>p1 move scaleshot\n>p2 move gunkshot\n>p1 move scaleshot\n>p2 switch 2\n>p1 move ironhead\n>p2 move moonblast\n>chat \u2606xbox350|okay\n>p2 switch 4\n>p1 move scaleshot\n>p2 move luminacrash\n>p1 switch 5\n>p1 move thunderwave\n>p2 switch 5\n>p1 move partingshot\n>p2 move ficklebeam\n>p1 switch 2\n>p1 move knockoff\n>p2 move ficklebeam\n>p1 move swordsdance\n>p2 move ficklebeam\n>p1 move drainpunch\n>p2 switch 5\n>p1 move machpunch\n>p2 move dazzlinggleam\n>p2 switch 3\n>p1 move drainpunch\n>p2 move ivycudgel terastallize\n>p1 switch 3\n>p1 move gunkshot\n>p2 switch 6\n>p1 switch 2\n>p2 move stealthrock\n>p1 move foulplay\n>p2 switch 5\n>p1 move partingshot\n>p2 move ficklebeam\n>p1 switch 2\n>p1 move gunkshot\n>p2 switch 5\n>p1 switch 2\n>p2 move earthquake\n>p1 move foulplay\n>p2 switch 5\n>p1 move partingshot\n>p2 move ficklebeam\n>p1 switch 6\n>p1 move wish\n>p2 switch 2\n>p1 switch 6\n>p2 move gunkshot\n>p1 move partingshot\n>p2 switch 2\n>p1 switch 6\n>p1 move wish\n>p2 switch 2\n>p1 switch 4\n>p2 move gunkshot\n>p1 move nastyplot\n>p2 move poltergeist\n>p1 switch 6\n>p1 move partingshot\n>p2 switch 2\n>p1 switch 4\n>p1 move wish\n>p2 switch 5\n>p1 move playrough\n>p2 move earthquake\n>p1 move protect\n>p2 move knockoff\n>p1 move bodypress\n>p2 move knockoff\n>p2 switch 2\n>p1 move playrough terastallize\n>p2 move gunkshot\n>p1 switch 4\n>p2 move poltergeist\n>p1 move foulplay\n>p2 switch 5\n>p1 move partingshot\n>p2 move earthpower\n>p1 switch 4\n>p1 move wish\n>p2 move earthpower\n>p1 move protect\n>p2 switch 6\n>p1 switch 2\n>p2 move swordsdance\n>p1 move gunkshot\n>p2 move trailblaze\n>p1 switch 2\n>p1 move bodypress\n>p2 move hornleech\n>p2 switch 6\n>p1 move protect\n>p2 move earthpower\n>p1 switch 4\n>p2 move earthpower\n>p1 move partingshot\n>p2 move dragontail\n>p1 switch 4\n>p1 move partingshot\n>p2 move earthpower\n>p1 switch 4\n>p1 move wish\n>p2 move earthpower\n>p1 move playrough\n>p2 switch 5\n>p2 switch 5\n>p1 move protect\n>p2 move earthpower\n>p1 move playrough\n>p2 move earthpower\n>p1 move playrough\n>p2 move earthpower", "uploadtime": 1782822225, "views": 4, "formatid": "gen9randombattle", "rating": 2150, "private": 0, "password": null, "player_dets": [{"name": "xbox350", "avatar": "schoolkid-gen4", "rating": 2161, "seed": "sodium,9a1fe2678fc047511fbffba71b03e850"}, {"name": "SquadLeCuisto", "avatar": "102", "rating": 2154, "seed": "sodium,e6ed3666e74b71551ab095a34997e607"}], "teams_full": [{"Kommo-o": {"name": "Kommo-o", "species": "Kommo-o", "speciesId": "kommoo", "gender": "F", "shiny": false, "level": 78, "moves": ["swordsdance", "closecombat", "ironhead", "scaleshot"], "ability": "Soundproof", "evs": {"hp": 85, "atk": 85, "def": 85, "spa": 85, "spd": 85, "spe": 85}, "ivs": {"hp": 31, "atk": 31, "def": 31, "spa": 31, "spd": 31, "spe": 31}, "item": "Loaded Dice", "teraType": "Steel", "role": "Setup Sweeper", "bvs": {"hp": 75, "atk": 110, "def": 125, "spa": 100, "spd": 105, "spe": 85}, "stats": {"hp": 245, "atk": 217, "def": 240, "spa": 201, "spd": 209, "spe": 178}, "types": ["Dragon", "Fighting"]}, "Hitmonchan": {"name": "Hitmonchan", "species": "Hitmonchan", "speciesId": "hitmonchan", "gender": "M", "shiny": false, "level": 87, "moves": ["swordsdance", "knockoff", "drainpunch", "machpunch"], "ability": "Iron Fist", "evs": {"hp": 85, "atk": 85, "def": 85, "spa": 85, "spd": 85, "spe": 85}, "ivs": {"hp": 31, "atk": 31, "def": 31, "spa": 31, "spd": 31, "spe": 31}, "item": "Life Orb", "teraType": "Dark", "role": "Setup Sweeper", "bvs": {"hp": 50, "atk": 105, "def": 79, "spa": 35, "spd": 110, "spe": 76}, "stats": {"hp": 229, "atk": 232, "def": 187, "spa": 111, "spd": 241, "spe": 182}, "types": ["Fighting"]}, "Cinderace": {"name": "Cinderace", "species": "Cinderace", "speciesId": "cinderace", "gender": "M", "shiny": false, "level": 77, "moves": ["gunkshot", "pyroball", "uturn", "highjumpkick"], "ability": "Libero", "evs": {"hp": 81, "atk": 85, "def": 85, "spa": 85, "spd": 85, "spe": 85}, "ivs": {"hp": 31, "atk": 31, "def": 31, "spa": 31, "spd": 31, "spe": 31}, "item": "Choice Band", "teraType": "Fire", "role": "Wallbreaker", "bvs": {"hp": 80, "atk": 116, "def": 75, "spa": 65, "spd": 75, "spe": 119}, "stats": {"hp": 249, "atk": 223, "def": 160, "spa": 145, "spd": 160, "spe": 228}, "types": ["Fire"]}, "Salazzle": {"name": "Salazzle", "species": "Salazzle", "speciesId": "salazzle", "gender": "F", "shiny": false, "level": 83, "moves": ["fireblast", "sludgewave", "terablast", "nastyplot"], "ability": "Corrosion", "evs": {"hp": 85, "atk": 0, "def": 85, "spa": 85, "spd": 85, "spe": 85}, "ivs": {"hp": 31, "atk": 0, "def": 31, "spa": 31, "spd": 31, "spe": 31}, "item": "Heavy-Duty Boots", "teraType": "Grass", "role": "Tera Blast user", "bvs": {"hp": 68, "atk": 64, "def": 60, "spa": 111, "spd": 60, "spe": 117}, "stats": {"hp": 249, "atk": 111, "def": 147, "spa": 232, "spd": 147, "spe": 242}, "types": ["Poison", "Fire"]}, "Persian": {"name": "Persian", "species": "Persian-Alola", "speciesId": "persianalola", "gender": "M", "shiny": false, "level": 86, "moves": ["taunt", "thunderwave", "foulplay", "partingshot"], "ability": "Fur Coat", "evs": {"hp": 85, "atk": 0, "def": 85, "spa": 85, "spd": 85, "spe": 85}, "ivs": {"hp": 31, "atk": 0, "def": 31, "spa": 31, "spd": 31, "spe": 31}, "item": "Heavy-Duty Boots", "teraType": "Poison", "role": "Fast Support", "bvs": {"hp": 65, "atk": 60, "def": 60, "spa": 75, "spd": 65, "spe": 115}, "stats": {"hp": 252, "atk": 108, "def": 152, "spa": 178, "spd": 161, "spe": 247}, "types": ["Dark"]}, "Dachsbun": {"name": "Dachsbun", "species": "Dachsbun", "speciesId": "dachsbun", "gender": "M", "shiny": false, "level": 92, "moves": ["protect", "bodypress", "playrough", "wish"], "ability": "Well-Baked Body", "evs": {"hp": 85, "atk": 85, "def": 85, "spa": 85, "spd": 85, "spe": 85}, "ivs": {"hp": 31, "atk": 31, "def": 31, "spa": 31, "spd": 31, "spe": 31}, "item": "Leftovers", "teraType": "Steel", "role": "Bulky Support", "bvs": {"hp": 57, "atk": 80, "def": 115, "spa": 50, "spd": 80, "spe": 95}, "stats": {"hp": 254, "atk": 200, "def": 264, "spa": 144, "spd": 200, "spe": 227}, "types": ["Fairy"]}}, {"Banette": {"name": "Banette", "species": "Banette", "speciesId": "banette", "gender": "F", "shiny": false, "level": 93, "moves": ["shadowsneak", "gunkshot", "poltergeist", "swordsdance"], "ability": "Cursed Body", "evs": {"hp": 85, "atk": 85, "def": 85, "spa": 85, "spd": 85, "spe": 85}, "ivs": {"hp": 31, "atk": 31, "def": 31, "spa": 31, "spd": 31, "spe": 31}, "item": "Life Orb", "teraType": "Poison", "role": "Wallbreaker", "bvs": {"hp": 64, "atk": 115, "def": 65, "spa": 83, "spd": 63, "spe": 65}, "stats": {"hp": 270, "atk": 267, "def": 174, "spa": 207, "spd": 170, "spe": 174}, "types": ["Ghost"]}, "Diancie": {"name": "Diancie", "species": "Diancie", "speciesId": "diancie", "gender": "N", "shiny": false, "level": 82, "moves": ["moonblast", "bodypress", "rockpolish", "diamondstorm"], "ability": "Clear Body", "evs": {"hp": 85, "atk": 85, "def": 85, "spa": 85, "spd": 85, "spe": 85}, "ivs": {"hp": 31, "atk": 31, "def": 31, "spa": 31, "spd": 31, "spe": 31}, "item": "Leftovers", "teraType": "Fighting", "role": "Bulky Attacker", "bvs": {"hp": 50, "atk": 100, "def": 150, "spa": 100, "spd": 150, "spe": 50}, "stats": {"hp": 216, "atk": 211, "def": 293, "spa": 211, "spd": 293, "spe": 129}, "types": ["Rock", "Fairy"]}, "Ogerpon": {"name": "Ogerpon", "species": "Ogerpon-Hearthflame", "speciesId": "ogerponhearthflame", "gender": "F", "shiny": false, "level": 74, "moves": ["hornleech", "swordsdance", "trailblaze", "ivycudgel"], "ability": "Mold Breaker", "evs": {"hp": 77, "atk": 85, "def": 85, "spa": 85, "spd": 85, "spe": 85}, "ivs": {"hp": 31, "atk": 31, "def": 31, "spa": 31, "spd": 31, "spe": 31}, "item": "Hearthflame Mask", "teraType": "Fire", "role": "Setup Sweeper", "bvs": {"hp": 80, "atk": 120, "def": 84, "spa": 60, "spd": 96, "spe": 110}, "stats": {"hp": 239, "atk": 221, "def": 167, "spa": 132, "spd": 185, "spe": 206}, "types": ["Grass", "Fire"]}, "Espathra": {"name": "Espathra", "species": "Espathra", "speciesId": "espathra", "gender": "F", "shiny": false, "level": 80, "moves": ["luminacrash", "dazzlinggleam", "uturn", "shadowball"], "ability": "Speed Boost", "evs": {"hp": 85, "atk": 85, "def": 85, "spa": 85, "spd": 85, "spe": 85}, "ivs": {"hp": 31, "atk": 31, "def": 31, "spa": 31, "spd": 31, "spe": 31}, "item": "Choice Specs", "teraType": "Psychic", "role": "Wallbreaker", "bvs": {"hp": 95, "atk": 60, "def": 60, "spa": 101, "spd": 60, "spe": 105}, "stats": {"hp": 283, "atk": 142, "def": 142, "spa": 208, "spd": 142, "spe": 214}, "types": ["Psychic"]}, "Hydrapple": {"name": "Hydrapple", "species": "Hydrapple", "speciesId": "hydrapple", "gender": "M", "shiny": false, "level": 83, "moves": ["ficklebeam", "dragontail", "gigadrain", "earthpower"], "ability": "Regenerator", "evs": {"hp": 85, "atk": 85, "def": 85, "spa": 85, "spd": 85, "spe": 85}, "ivs": {"hp": 31, "atk": 31, "def": 31, "spa": 31, "spd": 31, "spe": 31}, "item": "Assault Vest", "teraType": "Steel", "role": "AV Pivot", "bvs": {"hp": 106, "atk": 80, "def": 110, "spa": 120, "spd": 80, "spe": 44}, "stats": {"hp": 312, "atk": 180, "def": 230, "spa": 247, "spd": 180, "spe": 121}, "types": ["Grass", "Dragon"]}, "Donphan": {"name": "Donphan", "species": "Donphan", "speciesId": "donphan", "gender": "F", "shiny": false, "level": 84, "moves": ["stealthrock", "earthquake", "knockoff", "rapidspin"], "ability": "Sturdy", "evs": {"hp": 85, "atk": 85, "def": 85, "spa": 85, "spd": 85, "spe": 85}, "ivs": {"hp": 31, "atk": 31, "def": 31, "spa": 31, "spd": 31, "spe": 31}, "item": "Leftovers", "teraType": "Steel", "role": "Bulky Support", "bvs": {"hp": 90, "atk": 120, "def": 120, "spa": 60, "spd": 60, "spe": 50}, "stats": {"hp": 288, "atk": 250, "def": 250, "spa": 149, "spd": 149, "spe": 132}, "types": ["Ground"]}}]}