{"id": "gen9randombattle-2641581816", "format": "[Gen 9] Random Battle", "players": ["skuxxboi69", "pokemon theori"], "log": "|j|\u2606skuxxboi69\n|j|\u2606pokemon theori\n|t:|1782812639\n|gametype|singles\n|player|p1|skuxxboi69|266|2032\n|player|p2|pokemon theori|giovanni|2070\n|gen|9\n|tier|[Gen 9] Random Battle\n|rated|\n|rule|Species Clause: Limit one of each Pok\u00e9mon\n|rule|HP Percentage Mod: HP is shown in percentages\n|rule|Sleep Clause Mod: Limit one foe put to sleep\n|rule|Illusion Level Mod: Illusion disguises the Pok\u00e9mon's true level\n|\n|t:|1782812639\n|teamsize|p1|6\n|teamsize|p2|6\n|start\n|switch|p1a: Porygon-Z|Porygon-Z, L83|277/277\n|switch|p2a: Terrakion|Terrakion, L79|273/273\n|turn|1\n|inactive|Battle timer is ON: inactive players will automatically lose when time's up. (requested by pokemon theori)\n|inactive|skuxxboi69 has 120 seconds left.\n|\n|t:|1782812682\n|switch|p1a: Alomomola|Alomomola, L87, M|429/429\n|move|p2a: Terrakion|Swords Dance|p2a: Terrakion\n|-boost|p2a: Terrakion|atk|2\n|\n|upkeep\n|turn|2\n|\n|t:|1782812699\n|move|p1a: Alomomola|Protect|p1a: Alomomola\n|-singleturn|p1a: Alomomola|Protect\n|move|p2a: Terrakion|Close Combat|p1a: Alomomola\n|-activate|p1a: Alomomola|move: Protect\n|\n|upkeep\n|turn|3\n|inactive|skuxxboi69 has 120 seconds left.\n|\n|t:|1782812725\n|switch|p1a: Froslass|Froslass, L87, F|263/263\n|move|p2a: Terrakion|Stone Edge|p1a: Froslass\n|-supereffective|p1a: Froslass\n|-damage|p1a: Froslass|0 fnt\n|faint|p1a: Froslass\n|-damage|p2a: Terrakion|246/273|[from] item: Life Orb\n|\n|upkeep\n|inactive|skuxxboi69 has 120 seconds left.\n|\n|t:|1782812758\n|switch|p1a: Iron Treads|Iron Treads, L77|265/265\n|turn|4\n|\n|t:|1782812783\n|-terastallize|p2a: Terrakion|Ground\n|-terastallize|p1a: Iron Treads|Water\n|move|p2a: Terrakion|Earthquake|p1a: Iron Treads\n|-damage|p1a: Iron Treads|26/265\n|-damage|p2a: Terrakion|219/273|[from] item: Life Orb\n|move|p1a: Iron Treads|Rapid Spin|p2a: Terrakion\n|-damage|p2a: Terrakion|183/273\n|-boost|p1a: Iron Treads|spe|1\n|\n|upkeep\n|turn|5\n|inactive|skuxxboi69 has 90 seconds left.\n|\n|t:|1782812800\n|move|p1a: Iron Treads|Earthquake|p2a: Terrakion\n|-damage|p2a: Terrakion|71/273\n|move|p2a: Terrakion|Earthquake|p1a: Iron Treads\n|-damage|p1a: Iron Treads|0 fnt\n|faint|p1a: Iron Treads\n|-end|p1a: Iron Treads|Quark Drive|[silent]\n|-damage|p2a: Terrakion|44/273|[from] item: Life Orb\n|\n|upkeep\n|inactive|skuxxboi69 has 90 seconds left.\n|\n|t:|1782812811\n|switch|p1a: Muk|Muk-Alola, L82, F|306/306\n|turn|6\n|inactive|skuxxboi69 has 90 seconds left.\n|\n|t:|1782812826\n|move|p1a: Muk|Shadow Sneak|p2a: Terrakion\n|-damage|p2a: Terrakion|15/273\n|-status|p2a: Terrakion|psn|[from] ability: Poison Touch|[of] p1a: Muk\n|move|p2a: Terrakion|Earthquake|p1a: Muk\n|-supereffective|p1a: Muk\n|-damage|p1a: Muk|0 fnt\n|faint|p1a: Muk\n|-damage|p2a: Terrakion|0 fnt|[from] item: Life Orb\n|faint|p2a: Terrakion\n|\n|upkeep\n|\n|t:|1782812839\n|switch|p2a: Sylveon|Sylveon, L85, M|300/300\n|switch|p1a: Porygon-Z|Porygon-Z, L83|277/277\n|turn|7\n|inactive|skuxxboi69 has 90 seconds left.\n|\n|t:|1782812851\n|move|p1a: Porygon-Z|Nasty Plot|p1a: Porygon-Z\n|-boost|p1a: Porygon-Z|spa|2\n|move|p2a: Sylveon|Calm Mind|p2a: Sylveon\n|-boost|p2a: Sylveon|spa|1\n|-boost|p2a: Sylveon|spd|1\n|\n|upkeep\n|turn|8\n|inactive|skuxxboi69 has 90 seconds left.\n|\n|t:|1782812858\n|move|p1a: Porygon-Z|Tera Blast|p2a: Sylveon\n|-damage|p2a: Sylveon|118/300\n|-damage|p1a: Porygon-Z|250/277|[from] item: Life Orb\n|move|p2a: Sylveon|Hyper Voice|p1a: Porygon-Z\n|-damage|p1a: Porygon-Z|42/277\n|\n|-heal|p2a: Sylveon|136/300|[from] item: Leftovers\n|upkeep\n|turn|9\n|\n|t:|1782812867\n|move|p2a: Sylveon|Protect|p2a: Sylveon\n|-singleturn|p2a: Sylveon|Protect\n|move|p1a: Porygon-Z|Tera Blast|p2a: Sylveon\n|-activate|p2a: Sylveon|move: Protect\n|\n|-heal|p2a: Sylveon|154/300|[from] item: Leftovers\n|upkeep\n|turn|10\n|inactive|pokemon theori has 120 seconds left.\n|\n|t:|1782812899\n|switch|p2a: Spiritomb|Spiritomb, L89, F|234/234\n|move|p1a: Porygon-Z|Tera Blast|p2a: Spiritomb\n|-immune|p2a: Spiritomb\n|\n|upkeep\n|turn|11\n|\n|t:|1782812918\n|switch|p1a: Alomomola|Alomomola, L87, M|429/429\n|move|p2a: Spiritomb|Foul Play|p1a: Alomomola\n|-damage|p1a: Alomomola|335/429\n|\n|upkeep\n|turn|12\n|\n|t:|1782812932\n|switch|p2a: Skuntank|Skuntank, L84, M|310/310\n|move|p1a: Alomomola|Wish|p1a: Alomomola\n|\n|upkeep\n|turn|13\n|\n|t:|1782812942\n|move|p2a: Skuntank|Knock Off|p1a: Alomomola\n|-damage|p1a: Alomomola|241/429\n|-enditem|p1a: Alomomola|Heavy-Duty Boots|[from] move: Knock Off|[of] p2a: Skuntank\n|move|p1a: Alomomola|Flip Turn|p2a: Skuntank\n|-damage|p2a: Skuntank|246/310\n|\n|t:|1782812948\n|switch|p1a: Porygon-Z|Porygon-Z, L83|42/277|[from] Flip Turn\n|\n|-heal|p1a: Porygon-Z|256/277|[from] move: Wish|[wisher] Alomomola\n|-heal|p2a: Skuntank|265/310|[from] item: Leftovers\n|upkeep\n|turn|14\n|\n|t:|1782812957\n|move|p1a: Porygon-Z|Tera Blast|p2a: Skuntank\n|-damage|p2a: Skuntank|5/310\n|-damage|p1a: Porygon-Z|229/277|[from] item: Life Orb\n|move|p2a: Skuntank|Gunk Shot|p1a: Porygon-Z\n|-damage|p1a: Porygon-Z|81/277\n|\n|-heal|p2a: Skuntank|24/310|[from] item: Leftovers\n|upkeep\n|turn|15\n|\n|t:|1782812974\n|switch|p1a: Alomomola|Alomomola, L87, M|384/429\n|move|p2a: Skuntank|Knock Off|p1a: Alomomola\n|-damage|p1a: Alomomola|311/429\n|\n|-heal|p2a: Skuntank|43/310|[from] item: Leftovers\n|upkeep\n|turn|16\n|\n|t:|1782812980\n|move|p2a: Skuntank|Taunt|p1a: Alomomola\n|-start|p1a: Alomomola|move: Taunt\n|cant|p1a: Alomomola|move: Taunt|Wish\n|\n|-heal|p2a: Skuntank|62/310|[from] item: Leftovers\n|upkeep\n|turn|17\n|\n|t:|1782812984\n|move|p2a: Skuntank|Toxic Spikes|p1a: Alomomola\n|-sidestart|p1: skuxxboi69|move: Toxic Spikes\n|move|p1a: Alomomola|Scald|p2a: Skuntank\n|-damage|p2a: Skuntank|0 fnt\n|faint|p2a: Skuntank\n|\n|upkeep\n|\n|t:|1782812991\n|switch|p2a: Sylveon|Sylveon, L85, M|154/300\n|turn|18\n|\n|t:|1782812996\n|move|p1a: Alomomola|Flip Turn|p2a: Sylveon\n|-damage|p2a: Sylveon|87/300\n|\n|t:|1782812999\n|switch|p1a: Ho-Oh|Ho-Oh, L71|268/268|[from] Flip Turn\n|move|p2a: Sylveon|Calm Mind|p2a: Sylveon\n|-boost|p2a: Sylveon|spa|1\n|-boost|p2a: Sylveon|spd|1\n|\n|-heal|p2a: Sylveon|105/300|[from] item: Leftovers\n|upkeep\n|turn|19\n|\n|t:|1782813008\n|move|p1a: Ho-Oh|Sacred Fire|p2a: Sylveon\n|-damage|p2a: Sylveon|0 fnt\n|faint|p2a: Sylveon\n|\n|upkeep\n|\n|t:|1782813018\n|switch|p2a: Spiritomb|Spiritomb, L89, F|234/234\n|turn|20\n|\n|t:|1782813027\n|move|p1a: Ho-Oh|Sacred Fire|p2a: Spiritomb\n|-damage|p2a: Spiritomb|158/234\n|move|p2a: Spiritomb|Poltergeist|p1a: Ho-Oh|[miss]\n|-miss|p2a: Spiritomb|p1a: Ho-Oh\n|\n|-heal|p2a: Spiritomb|172/234|[from] item: Leftovers\n|upkeep\n|turn|21\n|\n|t:|1782813038\n|move|p1a: Ho-Oh|Sacred Fire|p2a: Spiritomb\n|-damage|p2a: Spiritomb|91/234\n|-status|p2a: Spiritomb|brn\n|move|p2a: Spiritomb|Poltergeist|p1a: Ho-Oh\n|-activate|p1a: Ho-Oh|move: Poltergeist|Heavy-Duty Boots\n|-damage|p1a: Ho-Oh|190/268\n|\n|-heal|p2a: Spiritomb|105/234 brn|[from] item: Leftovers\n|-damage|p2a: Spiritomb|91/234 brn|[from] brn\n|upkeep\n|turn|22\n|\n|t:|1782813047\n|switch|p1a: Alomomola|Alomomola, L87, M|429/429\n|-status|p1a: Alomomola|psn\n|move|p2a: Spiritomb|Pain Split|p1a: Alomomola\n|-sethp|p1a: Alomomola|260/429 psn|[from] move: Pain Split|[silent]\n|-sethp|p2a: Spiritomb|234/234 brn|[from] move: Pain Split\n|\n|-damage|p1a: Alomomola|207/429 psn|[from] psn\n|-damage|p2a: Spiritomb|220/234 brn|[from] brn\n|upkeep\n|turn|23\n|\n|t:|1782813058\n|switch|p2a: Drifblim|Drifblim, L86, M|398/398\n|move|p1a: Alomomola|Wish|p1a: Alomomola\n|\n|-damage|p1a: Alomomola|154/429 psn|[from] psn\n|upkeep\n|turn|24\n|\n|t:|1782813081\n|move|p1a: Alomomola|Protect|p1a: Alomomola\n|-singleturn|p1a: Alomomola|Protect\n|move|p2a: Drifblim|Air Slash|p1a: Alomomola\n|-activate|p1a: Alomomola|move: Protect\n|\n|-heal|p1a: Alomomola|368/429 psn|[from] move: Wish|[wisher] Alomomola\n|-damage|p1a: Alomomola|315/429 psn|[from] psn\n|upkeep\n|turn|25\n|inactive|pokemon theori has 120 seconds left.\n|\n|t:|1782813113\n|move|p2a: Drifblim|Shadow Ball|p1a: Alomomola\n|-damage|p1a: Alomomola|183/429 psn\n|move|p1a: Alomomola|Wish|p1a: Alomomola\n|\n|-damage|p1a: Alomomola|130/429 psn|[from] psn\n|upkeep\n|turn|26\n|\n|t:|1782813120\n|switch|p1a: Porygon-Z|Porygon-Z, L83|81/277\n|-status|p1a: Porygon-Z|psn\n|move|p2a: Drifblim|Air Slash|p1a: Porygon-Z|[miss]\n|-miss|p2a: Drifblim|p1a: Porygon-Z\n|\n|-heal|p1a: Porygon-Z|277/277 psn|[from] move: Wish|[wisher] Alomomola\n|-damage|p1a: Porygon-Z|243/277 psn|[from] psn\n|upkeep\n|turn|27\n|\n|t:|1782813134\n|move|p1a: Porygon-Z|Nasty Plot|p1a: Porygon-Z\n|-boost|p1a: Porygon-Z|spa|2\n|move|p2a: Drifblim|Air Slash|p1a: Porygon-Z\n|-damage|p1a: Porygon-Z|153/277 psn\n|\n|-damage|p1a: Porygon-Z|119/277 psn|[from] psn\n|upkeep\n|turn|28\n|\n|t:|1782813140\n|switch|p2a: Spiritomb|Spiritomb, L89, F|220/234 brn\n|move|p1a: Porygon-Z|Shadow Ball|p2a: Spiritomb\n|-damage|p2a: Spiritomb|77/234 brn\n|-damage|p1a: Porygon-Z|92/277 psn|[from] item: Life Orb\n|\n|-heal|p2a: Spiritomb|91/234 brn|[from] item: Leftovers\n|-damage|p1a: Porygon-Z|58/277 psn|[from] psn\n|-damage|p2a: Spiritomb|77/234 brn|[from] brn\n|upkeep\n|turn|29\n|\n|t:|1782813147\n|move|p1a: Porygon-Z|Shadow Ball|p2a: Spiritomb\n|-damage|p2a: Spiritomb|0 fnt\n|faint|p2a: Spiritomb\n|-damage|p1a: Porygon-Z|31/277 psn|[from] item: Life Orb\n|\n|-damage|p1a: Porygon-Z|0 fnt|[from] psn\n|faint|p1a: Porygon-Z\n|upkeep\n|\n|t:|1782813158\n|switch|p1a: Ho-Oh|Ho-Oh, L71|268/268\n|switch|p2a: Drifblim|Drifblim, L86, M|398/398\n|turn|30\n|\n|t:|1782813167\n|move|p2a: Drifblim|Air Slash|p1a: Ho-Oh\n|-damage|p1a: Ho-Oh|213/268\n|cant|p1a: Ho-Oh|flinch\n|\n|upkeep\n|turn|31\n|\n|t:|1782813173\n|move|p2a: Drifblim|Shadow Ball|p1a: Ho-Oh\n|-damage|p1a: Ho-Oh|153/268\n|move|p1a: Ho-Oh|Sacred Fire|p2a: Drifblim\n|-damage|p2a: Drifblim|247/398\n|-status|p2a: Drifblim|brn\n|\n|-damage|p2a: Drifblim|223/398 brn|[from] brn\n|upkeep\n|turn|32\n|\n|t:|1782813182\n|move|p2a: Drifblim|Shadow Ball|p1a: Ho-Oh\n|-damage|p1a: Ho-Oh|90/268\n|-unboost|p1a: Ho-Oh|spd|1\n|move|p1a: Ho-Oh|Recover|p1a: Ho-Oh\n|-heal|p1a: Ho-Oh|224/268\n|\n|-damage|p2a: Drifblim|199/398 brn|[from] brn\n|upkeep\n|turn|33\n|\n|t:|1782813190\n|switch|p1a: Alomomola|Alomomola, L87, M|273/429 psn\n|move|p2a: Drifblim|Strength Sap|p1a: Alomomola\n|-unboost|p1a: Alomomola|atk|1\n|-heal|p2a: Drifblim|379/398 brn\n|\n|-damage|p1a: Alomomola|220/429 psn|[from] psn\n|-damage|p2a: Drifblim|355/398 brn|[from] brn\n|upkeep\n|turn|34\n|\n|t:|1782813200\n|move|p2a: Drifblim|Air Slash|p1a: Alomomola\n|-damage|p1a: Alomomola|105/429 psn\n|cant|p1a: Alomomola|flinch\n|\n|-damage|p1a: Alomomola|52/429 psn|[from] psn\n|-damage|p2a: Drifblim|331/398 brn|[from] brn\n|upkeep\n|turn|35\n|\n|t:|1782813206\n|switch|p1a: Ho-Oh|Ho-Oh, L71|268/268\n|move|p2a: Drifblim|Shadow Ball|p1a: Ho-Oh\n|-crit|p1a: Ho-Oh\n|-damage|p1a: Ho-Oh|177/268\n|-unboost|p1a: Ho-Oh|spd|1\n|\n|-damage|p2a: Drifblim|307/398 brn|[from] brn\n|upkeep\n|turn|36\n|\n|t:|1782813232\n|switch|p1a: Alomomola|Alomomola, L87, M|195/429 psn\n|move|p2a: Drifblim|Shadow Ball|p1a: Alomomola\n|-damage|p1a: Alomomola|66/429 psn\n|\n|-damage|p1a: Alomomola|13/429 psn|[from] psn\n|-damage|p2a: Drifblim|283/398 brn|[from] brn\n|upkeep\n|turn|37\n|\n|t:|1782813241\n|switch|p1a: Ho-Oh|Ho-Oh, L71|266/268\n|move|p2a: Drifblim|Shadow Ball|p1a: Ho-Oh\n|-damage|p1a: Ho-Oh|206/268\n|\n|-damage|p2a: Drifblim|259/398 brn|[from] brn\n|upkeep\n|turn|38\n|\n|t:|1782813257\n|move|p2a: Drifblim|Shadow Ball|p1a: Ho-Oh\n|-damage|p1a: Ho-Oh|139/268\n|move|p1a: Ho-Oh|Brave Bird|p2a: Drifblim\n|-damage|p2a: Drifblim|91/398 brn\n|-damage|p1a: Ho-Oh|84/268|[from] Recoil\n|\n|-damage|p2a: Drifblim|67/398 brn|[from] brn\n|upkeep\n|turn|39\n|\n|t:|1782813265\n|switch|p1a: Alomomola|Alomomola, L87, M|156/429 psn\n|move|p2a: Drifblim|Strength Sap|p1a: Alomomola\n|-unboost|p1a: Alomomola|atk|1\n|-heal|p2a: Drifblim|247/398 brn\n|\n|-damage|p1a: Alomomola|103/429 psn|[from] psn\n|-damage|p2a: Drifblim|223/398 brn|[from] brn\n|upkeep\n|turn|40\n|\n|t:|1782813272\n|switch|p1a: Ho-Oh|Ho-Oh, L71|173/268\n|move|p2a: Drifblim|Shadow Ball|p1a: Ho-Oh\n|-damage|p1a: Ho-Oh|106/268\n|\n|-damage|p2a: Drifblim|199/398 brn|[from] brn\n|upkeep\n|turn|41\n|\n|t:|1782813285\n|switch|p1a: Alomomola|Alomomola, L87, M|246/429 psn\n|move|p2a: Drifblim|Strength Sap|p1a: Alomomola\n|-unboost|p1a: Alomomola|atk|1\n|-heal|p2a: Drifblim|379/398 brn\n|\n|-damage|p1a: Alomomola|193/429 psn|[from] psn\n|-damage|p2a: Drifblim|355/398 brn|[from] brn\n|upkeep\n|turn|42\n|\n|t:|1782813297\n|switch|p1a: Ho-Oh|Ho-Oh, L71|195/268\n|move|p2a: Drifblim|Shadow Ball|p1a: Ho-Oh\n|-damage|p1a: Ho-Oh|128/268\n|-unboost|p1a: Ho-Oh|spd|1\n|\n|-damage|p2a: Drifblim|331/398 brn|[from] brn\n|upkeep\n|turn|43\n|\n|t:|1782813301\n|switch|p1a: Alomomola|Alomomola, L87, M|336/429 psn\n|move|p2a: Drifblim|Shadow Ball|p1a: Alomomola\n|-damage|p1a: Alomomola|218/429 psn\n|-unboost|p1a: Alomomola|spd|1\n|\n|-damage|p1a: Alomomola|165/429 psn|[from] psn\n|-damage|p2a: Drifblim|307/398 brn|[from] brn\n|upkeep\n|turn|44\n|\n|t:|1782813308\n|switch|p1a: Ho-Oh|Ho-Oh, L71|217/268\n|move|p2a: Drifblim|Shadow Ball|p1a: Ho-Oh\n|-damage|p1a: Ho-Oh|151/268\n|\n|-damage|p2a: Drifblim|283/398 brn|[from] brn\n|upkeep\n|turn|45\n|\n|t:|1782813320\n|move|p2a: Drifblim|Strength Sap|p1a: Ho-Oh\n|-unboost|p1a: Ho-Oh|atk|1\n|-heal|p2a: Drifblim|398/398 brn\n|move|p1a: Ho-Oh|Recover|p1a: Ho-Oh\n|-heal|p1a: Ho-Oh|268/268\n|\n|-damage|p2a: Drifblim|374/398 brn|[from] brn\n|upkeep\n|turn|46\n|\n|t:|1782813332\n|switch|p1a: Alomomola|Alomomola, L87, M|308/429 psn\n|move|p2a: Drifblim|Shadow Ball|p1a: Alomomola\n|-damage|p1a: Alomomola|173/429 psn\n|\n|-damage|p1a: Alomomola|120/429 psn|[from] psn\n|-damage|p2a: Drifblim|350/398 brn|[from] brn\n|upkeep\n|turn|47\n|\n|t:|1782813336\n|switch|p1a: Ho-Oh|Ho-Oh, L71|268/268\n|move|p2a: Drifblim|Shadow Ball|p1a: Ho-Oh\n|-damage|p1a: Ho-Oh|198/268\n|-unboost|p1a: Ho-Oh|spd|1\n|\n|-damage|p2a: Drifblim|326/398 brn|[from] brn\n|upkeep\n|turn|48\n|\n|t:|1782813343\n|move|p2a: Drifblim|Shadow Ball|p1a: Ho-Oh\n|-damage|p1a: Ho-Oh|98/268\n|move|p1a: Ho-Oh|Recover|p1a: Ho-Oh\n|-heal|p1a: Ho-Oh|232/268\n|\n|-damage|p2a: Drifblim|302/398 brn|[from] brn\n|upkeep\n|turn|49\n|\n|t:|1782813355\n|switch|p1a: Alomomola|Alomomola, L87, M|263/429 psn\n|move|p2a: Drifblim|Shadow Ball|p1a: Alomomola\n|-damage|p1a: Alomomola|124/429 psn\n|\n|-damage|p1a: Alomomola|71/429 psn|[from] psn\n|-damage|p2a: Drifblim|278/398 brn|[from] brn\n|upkeep\n|turn|50\n|\n|t:|1782813362\n|switch|p1a: Ho-Oh|Ho-Oh, L71|268/268\n|move|p2a: Drifblim|Shadow Ball|p1a: Ho-Oh\n|-damage|p1a: Ho-Oh|205/268\n|\n|-damage|p2a: Drifblim|254/398 brn|[from] brn\n|upkeep\n|turn|51\n|\n|t:|1782813369\n|move|p2a: Drifblim|Strength Sap|p1a: Ho-Oh\n|-unboost|p1a: Ho-Oh|atk|1\n|-heal|p2a: Drifblim|398/398 brn\n|move|p1a: Ho-Oh|Brave Bird|p2a: Drifblim\n|-damage|p2a: Drifblim|271/398 brn\n|-damage|p1a: Ho-Oh|163/268|[from] Recoil\n|\n|-damage|p2a: Drifblim|247/398 brn|[from] brn\n|upkeep\n|turn|52\n|\n|t:|1782813376\n|move|p2a: Drifblim|Shadow Ball|p1a: Ho-Oh\n|-crit|p1a: Ho-Oh\n|-damage|p1a: Ho-Oh|69/268\n|move|p1a: Ho-Oh|Recover|p1a: Ho-Oh\n|-heal|p1a: Ho-Oh|203/268\n|\n|-damage|p2a: Drifblim|223/398 brn|[from] brn\n|upkeep\n|turn|53\n|\n|t:|1782813387\n|move|p2a: Drifblim|Shadow Ball|p1a: Ho-Oh\n|-damage|p1a: Ho-Oh|134/268\n|move|p1a: Ho-Oh|Brave Bird|p2a: Drifblim\n|-damage|p2a: Drifblim|103/398 brn\n|-damage|p1a: Ho-Oh|94/268|[from] Recoil\n|\n|-damage|p2a: Drifblim|79/398 brn|[from] brn\n|upkeep\n|turn|54\n|\n|t:|1782813401\n|switch|p1a: Alomomola|Alomomola, L87, M|214/429 psn\n|move|p2a: Drifblim|Strength Sap|p1a: Alomomola\n|-unboost|p1a: Alomomola|atk|1\n|-heal|p2a: Drifblim|259/398 brn\n|\n|-damage|p1a: Alomomola|161/429 psn|[from] psn\n|-damage|p2a: Drifblim|235/398 brn|[from] brn\n|upkeep\n|turn|55\n|\n|t:|1782813407\n|switch|p1a: Ho-Oh|Ho-Oh, L71|183/268\n|move|p2a: Drifblim|Air Slash|p1a: Ho-Oh\n|-damage|p1a: Ho-Oh|123/268\n|\n|-damage|p2a: Drifblim|211/398 brn|[from] brn\n|upkeep\n|turn|56\n|\n|t:|1782813413\n|move|p2a: Drifblim|Strength Sap|p1a: Ho-Oh\n|-unboost|p1a: Ho-Oh|atk|1\n|-heal|p2a: Drifblim|398/398 brn\n|move|p1a: Ho-Oh|Recover|p1a: Ho-Oh\n|-heal|p1a: Ho-Oh|257/268\n|\n|-damage|p2a: Drifblim|374/398 brn|[from] brn\n|upkeep\n|turn|57\n|\n|t:|1782813425\n|switch|p1a: Alomomola|Alomomola, L87, M|304/429 psn\n|move|p2a: Drifblim|Air Slash|p1a: Alomomola\n|-damage|p1a: Alomomola|192/429 psn\n|\n|-damage|p1a: Alomomola|139/429 psn|[from] psn\n|-damage|p2a: Drifblim|350/398 brn|[from] brn\n|upkeep\n|turn|58\n|\n|t:|1782813440\n|switch|p2a: Cobalion|Cobalion, L80|277/277\n|switch|p1a: Ho-Oh|Ho-Oh, L71|268/268\n|\n|upkeep\n|turn|59\n|\n|t:|1782813449\n|move|p2a: Cobalion|Stone Edge|p1a: Ho-Oh\n|-supereffective|p1a: Ho-Oh\n|-crit|p1a: Ho-Oh\n|-damage|p1a: Ho-Oh|0 fnt\n|faint|p1a: Ho-Oh\n|-damage|p2a: Cobalion|250/277|[from] item: Life Orb\n|\n|upkeep\n|\n|t:|1782813452\n|switch|p1a: Alomomola|Alomomola, L87, M|282/429 psn\n|turn|60\n|\n|t:|1782813458\n|switch|p2a: Drifblim|Drifblim, L86, M|350/398 brn\n|move|p1a: Alomomola|Scald|p2a: Drifblim\n|-damage|p2a: Drifblim|277/398 brn\n|\n|-damage|p1a: Alomomola|229/429 psn|[from] psn\n|-damage|p2a: Drifblim|253/398 brn|[from] brn\n|upkeep\n|turn|61\n|\n|t:|1782813467\n|move|p2a: Drifblim|Shadow Ball|p1a: Alomomola\n|-damage|p1a: Alomomola|109/429 psn\n|move|p1a: Alomomola|Wish|p1a: Alomomola\n|\n|-damage|p1a: Alomomola|56/429 psn|[from] psn\n|-damage|p2a: Drifblim|229/398 brn|[from] brn\n|upkeep\n|turn|62\n|\n|t:|1782813474\n|move|p1a: Alomomola|Protect|p1a: Alomomola\n|-singleturn|p1a: Alomomola|Protect\n|move|p2a: Drifblim|Strength Sap|p1a: Alomomola\n|-activate|p1a: Alomomola|move: Protect\n|\n|-heal|p1a: Alomomola|270/429 psn|[from] move: Wish|[wisher] Alomomola\n|-damage|p1a: Alomomola|217/429 psn|[from] psn\n|-damage|p2a: Drifblim|205/398 brn|[from] brn\n|upkeep\n|turn|63\n|c|\u2606skuxxboi69|man why not go to that sooner\n|\n|t:|1782813489\n|move|p2a: Drifblim|Shadow Ball|p1a: Alomomola\n|-damage|p1a: Alomomola|85/429 psn\n|-unboost|p1a: Alomomola|spd|1\n|move|p1a: Alomomola|Scald|p2a: Drifblim\n|-damage|p2a: Drifblim|135/398 brn\n|\n|-damage|p1a: Alomomola|32/429 psn|[from] psn\n|-damage|p2a: Drifblim|111/398 brn|[from] brn\n|upkeep\n|turn|64\n|\n|t:|1782813508\n|move|p2a: Drifblim|Shadow Ball|p1a: Alomomola\n|-crit|p1a: Alomomola\n|-damage|p1a: Alomomola|0 fnt\n|faint|p1a: Alomomola\n|\n|win|pokemon theori\n|raw|skuxxboi69's rating: 2032 &rarr; <strong>2014</strong><br />(-18 for losing)\n|raw|pokemon theori's rating: 2070 &rarr; <strong>2088</strong><br />(+18 for winning)\n", "inputlog": ">version f8ac14003a5f27e1bdc8d8c59608a773c1cb96e5\n>start {\"formatid\":\"gen9randombattle\",\"seed\":\"sodium,7fbd3381409460c214feeb53353cc753\",\"rated\":\"Rated battle\"}\n>player p1 {\"name\":\"skuxxboi69\",\"avatar\":\"266\",\"rating\":2032,\"seed\":\"sodium,ba6dc7771abd931a1537a439a6d06883\"}\n>player p2 {\"name\":\"pokemon theori\",\"avatar\":\"giovanni\",\"rating\":2070,\"seed\":\"sodium,35b15efc5de7b2b3b0d9cab8b252ee36\"}\n>p1 switch 4\n>p2 move swordsdance\n>p1 move protect\n>p2 move closecombat\n>p1 switch 2\n>p2 move stoneedge\n>p1 switch 5\n>p1 move rapidspin terastallize\n>p2 move earthquake terastallize\n>p1 move earthquake\n>p2 move earthquake\n>p1 switch 6\n>p1 move shadowsneak\n>p2 move earthquake\n>p1 switch 4\n>p2 switch 2\n>p1 move nastyplot\n>p2 move calmmind\n>p1 move terablast\n>p2 move hypervoice\n>p1 move terablast\n>p2 move protect\n>p1 move terablast\n>p2 switch 5\n>p1 switch 2\n>p2 move foulplay\n>p1 move wish\n>p2 switch 4\n>p1 move flipturn\n>p2 move knockoff\n>p1 switch 2\n>p1 move terablast\n>p2 move gunkshot\n>p1 switch 2\n>p2 move knockoff\n>p1 move wish\n>p2 move taunt\n>p1 move scald\n>p2 move toxicspikes\n>p2 switch 5\n>p1 move flipturn\n>p2 move calmmind\n>p1 switch 3\n>p1 move sacredfire\n>p2 move hypervoice\n>p2 switch 4\n>p1 move sacredfire\n>p2 move poltergeist\n>p1 move sacredfire\n>p2 move poltergeist\n>p1 switch 3\n>p2 move painsplit\n>p1 move wish\n>p2 switch 6\n>p1 move protect\n>p2 move airslash\n>p1 move wish\n>p2 move shadowball\n>p1 switch 2\n>p2 move airslash\n>p1 move nastyplot\n>p2 move airslash\n>p1 move shadowball\n>p2 switch 6\n>p1 move shadowball\n>p2 move foulplay\n>p1 switch 3\n>p2 switch 6\n>p1 move sacredfire\n>p2 move airslash\n>p1 move sacredfire\n>p2 move shadowball\n>p1 move recover\n>p2 move shadowball\n>p1 switch 2\n>p2 move strengthsap\n>p1 move wish\n>p2 move airslash\n>p1 switch 2\n>p2 move shadowball\n>p1 switch 2\n>p2 move shadowball\n>p1 switch 2\n>p2 move shadowball\n>p1 move bravebird\n>p2 move shadowball\n>p1 switch 2\n>p2 move strengthsap\n>p1 switch 2\n>p2 move shadowball\n>p1 switch 2\n>p2 move strengthsap\n>p1 switch 2\n>p2 move shadowball\n>p1 switch 2\n>p2 move shadowball\n>p1 switch 2\n>p2 move shadowball\n>p1 move recover\n>p2 move strengthsap\n>p1 switch 2\n>p2 move shadowball\n>p1 switch 2\n>p2 move shadowball\n>p1 move recover\n>p2 move shadowball\n>p1 switch 2\n>p2 move shadowball\n>p1 switch 2\n>p2 move shadowball\n>p1 move bravebird\n>p2 move strengthsap\n>p1 move recover\n>p2 move shadowball\n>p1 move bravebird\n>p2 move shadowball\n>p1 switch 2\n>p2 move strengthsap\n>p1 switch 2\n>p2 move airslash\n>p1 move recover\n>p2 move strengthsap\n>p1 switch 2\n>p2 move airslash\n>p1 switch 2\n>p2 switch 3\n>p1 move sacredfire\n>p2 move stoneedge\n>p1 switch 2\n>p1 move scald\n>p2 switch 3\n>p1 move wish\n>p2 move shadowball\n>p1 move protect\n>p2 move strengthsap\n>chat \u2606skuxxboi69|man why not go to that sooner\n>p1 move scald\n>p2 move shadowball\n>p1 move scald\n>p2 move shadowball", "uploadtime": 1782812642, "views": 8, "formatid": "gen9randombattle", "rating": 2014, "private": 0, "password": null, "player_dets": [{"name": "skuxxboi69", "avatar": "266", "rating": 2032, "seed": "sodium,ba6dc7771abd931a1537a439a6d06883"}, {"name": "pokemon theori", "avatar": "giovanni", "rating": 2070, "seed": "sodium,35b15efc5de7b2b3b0d9cab8b252ee36"}], "teams_full": [{"Porygon-Z": {"name": "Porygon-Z", "species": "Porygon-Z", "speciesId": "porygonz", "gender": "N", "shiny": false, "level": 83, "moves": ["terablast", "agility", "shadowball", "nastyplot"], "ability": "Adaptability", "evs": {"hp": 85, "atk": 0, "def": 85, "spa": 85, "spd": 85, "spe": 85}, "ivs": {"hp": 31, "atk": 0, "def": 31, "spa": 31, "spd": 31, "spe": 31}, "item": "Life Orb", "teraType": "Fighting", "role": "Tera Blast user", "bvs": {"hp": 85, "atk": 80, "def": 70, "spa": 135, "spd": 75, "spe": 90}, "stats": {"hp": 277, "atk": 137, "def": 164, "spa": 272, "spd": 172, "spe": 197}, "types": ["Normal"]}, "Froslass": {"name": "Froslass", "species": "Froslass", "speciesId": "froslass", "gender": "F", "shiny": false, "level": 87, "moves": ["poltergeist", "spikes", "tripleaxel", "taunt"], "ability": "Cursed Body", "evs": {"hp": 81, "atk": 85, "def": 85, "spa": 85, "spd": 85, "spe": 85}, "ivs": {"hp": 31, "atk": 31, "def": 31, "spa": 31, "spd": 31, "spe": 31}, "item": "Wide Lens", "teraType": "Ice", "role": "Fast Support", "bvs": {"hp": 70, "atk": 80, "def": 70, "spa": 80, "spd": 70, "spe": 110}, "stats": {"hp": 263, "atk": 189, "def": 172, "spa": 189, "spd": 172, "spe": 241}, "types": ["Ice", "Ghost"]}, "Ho-Oh": {"name": "Ho-Oh", "species": "Ho-Oh", "speciesId": "hooh", "gender": "N", "shiny": false, "level": 71, "moves": ["earthquake", "bravebird", "sacredfire", "recover"], "ability": "Regenerator", "evs": {"hp": 85, "atk": 85, "def": 85, "spa": 85, "spd": 85, "spe": 85}, "ivs": {"hp": 31, "atk": 31, "def": 31, "spa": 31, "spd": 31, "spe": 31}, "item": "Heavy-Duty Boots", "teraType": "Steel", "role": "Bulky Attacker", "bvs": {"hp": 106, "atk": 130, "def": 90, "spa": 110, "spd": 154, "spe": 90}, "stats": {"hp": 268, "atk": 226, "def": 169, "spa": 198, "spd": 260, "spe": 169}, "types": ["Fire", "Flying"]}, "Alomomola": {"name": "Alomomola", "species": "Alomomola", "speciesId": "alomomola", "gender": "M", "shiny": false, "level": 87, "moves": ["flipturn", "wish", "protect", "scald"], "ability": "Regenerator", "evs": {"hp": 85, "atk": 85, "def": 85, "spa": 85, "spd": 85, "spe": 85}, "ivs": {"hp": 31, "atk": 31, "def": 31, "spa": 31, "spd": 31, "spe": 31}, "item": "Heavy-Duty Boots", "teraType": "Steel", "role": "Fast Support", "bvs": {"hp": 165, "atk": 75, "def": 80, "spa": 40, "spd": 45, "spe": 65}, "stats": {"hp": 429, "atk": 180, "def": 189, "spa": 119, "spd": 128, "spe": 163}, "types": ["Water"]}, "Iron Treads": {"name": "Iron Treads", "species": "Iron Treads", "speciesId": "irontreads", "gender": "N", "shiny": false, "level": 77, "moves": ["earthquake", "rapidspin", "knockoff", "ironhead"], "ability": "Quark Drive", "evs": {"hp": 85, "atk": 85, "def": 85, "spa": 85, "spd": 85, "spe": 85}, "ivs": {"hp": 31, "atk": 31, "def": 31, "spa": 31, "spd": 31, "spe": 31}, "item": "Assault Vest", "teraType": "Water", "role": "Bulky Support", "bvs": {"hp": 90, "atk": 112, "def": 120, "spa": 72, "spd": 70, "spe": 106}, "stats": {"hp": 265, "atk": 217, "def": 229, "spa": 155, "spd": 152, "spe": 208}, "types": ["Ground", "Steel"]}, "Muk": {"name": "Muk", "species": "Muk-Alola", "speciesId": "mukalola", "gender": "F", "shiny": false, "level": 82, "moves": ["shadowsneak", "drainpunch", "knockoff", "poisonjab"], "ability": "Poison Touch", "evs": {"hp": 85, "atk": 85, "def": 85, "spa": 85, "spd": 85, "spe": 85}, "ivs": {"hp": 31, "atk": 31, "def": 31, "spa": 31, "spd": 31, "spe": 31}, "item": "Assault Vest", "teraType": "Fighting", "role": "AV Pivot", "bvs": {"hp": 105, "atk": 105, "def": 75, "spa": 65, "spd": 100, "spe": 50}, "stats": {"hp": 306, "atk": 219, "def": 170, "spa": 154, "spd": 211, "spe": 129}, "types": ["Poison", "Dark"]}}, {"Terrakion": {"name": "Terrakion", "species": "Terrakion", "speciesId": "terrakion", "gender": "N", "shiny": false, "level": 79, "moves": ["closecombat", "earthquake", "stoneedge", "swordsdance"], "ability": "Justified", "evs": {"hp": 85, "atk": 85, "def": 85, "spa": 85, "spd": 85, "spe": 85}, "ivs": {"hp": 31, "atk": 31, "def": 31, "spa": 31, "spd": 31, "spe": 31}, "item": "Life Orb", "teraType": "Ground", "role": "Setup Sweeper", "bvs": {"hp": 91, "atk": 129, "def": 90, "spa": 72, "spd": 90, "spe": 108}, "stats": {"hp": 273, "atk": 249, "def": 188, "spa": 159, "spd": 188, "spe": 216}, "types": ["Rock", "Fighting"]}, "Sylveon": {"name": "Sylveon", "species": "Sylveon", "speciesId": "sylveon", "gender": "M", "shiny": false, "level": 85, "moves": ["protect", "calmmind", "hypervoice", "wish"], "ability": "Pixilate", "evs": {"hp": 85, "atk": 0, "def": 85, "spa": 85, "spd": 85, "spe": 85}, "ivs": {"hp": 31, "atk": 0, "def": 31, "spa": 31, "spd": 31, "spe": 31}, "item": "Leftovers", "teraType": "Steel", "role": "Bulky Setup", "bvs": {"hp": 95, "atk": 65, "def": 65, "spa": 110, "spd": 130, "spe": 60}, "stats": {"hp": 300, "atk": 115, "def": 159, "spa": 236, "spd": 270, "spe": 151}, "types": ["Fairy"]}, "Cobalion": {"name": "Cobalion", "species": "Cobalion", "speciesId": "cobalion", "gender": "N", "shiny": false, "level": 80, "moves": ["ironhead", "closecombat", "swordsdance", "stoneedge"], "ability": "Justified", "evs": {"hp": 85, "atk": 85, "def": 85, "spa": 85, "spd": 85, "spe": 85}, "ivs": {"hp": 31, "atk": 31, "def": 31, "spa": 31, "spd": 31, "spe": 31}, "item": "Life Orb", "teraType": "Fighting", "role": "Fast Bulky Setup", "bvs": {"hp": 91, "atk": 90, "def": 129, "spa": 90, "spd": 72, "spe": 108}, "stats": {"hp": 277, "atk": 190, "def": 253, "spa": 190, "spd": 161, "spe": 219}, "types": ["Steel", "Fighting"]}, "Skuntank": {"name": "Skuntank", "species": "Skuntank", "speciesId": "skuntank", "gender": "M", "shiny": false, "level": 84, "moves": ["knockoff", "toxicspikes", "gunkshot", "taunt"], "ability": "Aftermath", "evs": {"hp": 85, "atk": 85, "def": 85, "spa": 85, "spd": 85, "spe": 85}, "ivs": {"hp": 31, "atk": 31, "def": 31, "spa": 31, "spd": 31, "spe": 31}, "item": "Leftovers", "teraType": "Poison", "role": "Fast Support", "bvs": {"hp": 103, "atk": 93, "def": 67, "spa": 71, "spd": 61, "spe": 84}, "stats": {"hp": 310, "atk": 204, "def": 161, "spa": 167, "spd": 151, "spe": 189}, "types": ["Poison", "Dark"]}, "Spiritomb": {"name": "Spiritomb", "species": "Spiritomb", "speciesId": "spiritomb", "gender": "F", "shiny": false, "level": 89, "moves": ["painsplit", "poltergeist", "foulplay", "willowisp"], "ability": "Infiltrator", "evs": {"hp": 85, "atk": 85, "def": 85, "spa": 85, "spd": 85, "spe": 85}, "ivs": {"hp": 31, "atk": 31, "def": 31, "spa": 31, "spd": 31, "spe": 31}, "item": "Leftovers", "teraType": "Ghost", "role": "Bulky Support", "bvs": {"hp": 50, "atk": 92, "def": 108, "spa": 92, "spd": 108, "spe": 35}, "stats": {"hp": 234, "atk": 215, "def": 243, "spa": 215, "spd": 243, "spe": 113}, "types": ["Ghost", "Dark"]}, "Drifblim": {"name": "Drifblim", "species": "Drifblim", "speciesId": "drifblim", "gender": "M", "shiny": false, "level": 86, "moves": ["defog", "strengthsap", "shadowball", "airslash"], "ability": "Aftermath", "evs": {"hp": 85, "atk": 0, "def": 85, "spa": 85, "spd": 85, "spe": 85}, "ivs": {"hp": 31, "atk": 0, "def": 31, "spa": 31, "spd": 31, "spe": 31}, "item": "Heavy-Duty Boots", "teraType": "Fairy", "role": "Bulky Attacker", "bvs": {"hp": 150, "atk": 80, "def": 44, "spa": 90, "spd": 54, "spe": 80}, "stats": {"hp": 398, "atk": 142, "def": 125, "spa": 204, "spd": 142, "spe": 187}, "types": ["Ghost", "Flying"]}}]}