{"id": "gen9randombattle-2641060133", "format": "[Gen 9] Random Battle", "players": ["Brieuc Claquin", "Mikifp"], "log": "|j|\u2606Brieuc Claquin\n|j|\u2606Mikifp\n|t:|1782734284\n|gametype|singles\n|player|p1|Brieuc Claquin|1|1828\n|player|p2|Mikifp|riley|1917\n|gen|9\n|tier|[Gen 9] Random Battle\n|rated|\n|rule|Species Clause: Limit one of each Pok\u00e9mon\n|rule|HP Percentage Mod: HP is shown in percentages\n|rule|Sleep Clause Mod: Limit one foe put to sleep\n|rule|Illusion Level Mod: Illusion disguises the Pok\u00e9mon's true level\n|\n|t:|1782734284\n|teamsize|p1|6\n|teamsize|p2|6\n|start\n|switch|p1a: Vigoroth|Vigoroth, L85, M|275/275\n|switch|p2a: Regigigas|Regigigas, L84|322/322\n|-start|p2a: Regigigas|ability: Slow Start\n|turn|1\n|inactive|Battle timer is ON: inactive players will automatically lose when time's up. (requested by Brieuc Claquin)\n|j| Inhesion\n|l| Inhesion\n|\n|t:|1782734309\n|switch|p2a: Swalot|Swalot, L90, M|326/326\n|move|p1a: Vigoroth|Knock Off|p2a: Swalot\n|-damage|p2a: Swalot|262/326\n|-enditem|p2a: Swalot|Leftovers|[from] move: Knock Off|[of] p1a: Vigoroth\n|\n|upkeep\n|turn|2\n|\n|t:|1782734338\n|move|p1a: Vigoroth|Bulk Up|p1a: Vigoroth\n|-boost|p1a: Vigoroth|atk|1\n|-boost|p1a: Vigoroth|def|1\n|move|p2a: Swalot|Toxic|p1a: Vigoroth\n|-status|p1a: Vigoroth|tox\n|\n|-damage|p1a: Vigoroth|258/275 tox|[from] psn\n|upkeep\n|turn|3\n|\n|t:|1782734353\n|switch|p2a: Cresselia|Cresselia, L80, F|323/323\n|move|p1a: Vigoroth|Body Slam|p2a: Cresselia\n|-damage|p2a: Cresselia|218/323\n|\n|-heal|p2a: Cresselia|238/323|[from] item: Leftovers\n|-damage|p1a: Vigoroth|224/275 tox|[from] psn\n|upkeep\n|turn|4\n|\n|t:|1782734359\n|switch|p2a: Forretress|Forretress, L84, M|263/263\n|move|p1a: Vigoroth|Knock Off|p2a: Forretress\n|-damage|p2a: Forretress|193/263\n|-enditem|p2a: Forretress|Leftovers|[from] move: Knock Off|[of] p1a: Vigoroth\n|\n|-damage|p1a: Vigoroth|173/275 tox|[from] psn\n|upkeep\n|turn|5\n|\n|t:|1782734373\n|switch|p1a: Noctowl|Noctowl, L95, F|344/344\n|move|p2a: Forretress|Stealth Rock|p1a: Noctowl\n|-sidestart|p1: Brieuc Claquin|move: Stealth Rock\n|\n|upkeep\n|turn|6\n|\n|t:|1782734386\n|switch|p2a: Weavile|Weavile, L79, F|240/240\n|move|p1a: Noctowl|Nasty Plot|p1a: Noctowl\n|-boost|p1a: Noctowl|spa|2\n|\n|upkeep\n|turn|7\n|\n|t:|1782734416\n|move|p2a: Weavile|Triple Axel|p1a: Noctowl\n|-supereffective|p1a: Noctowl\n|-damage|p1a: Noctowl|284/344\n|-supereffective|p1a: Noctowl\n|-damage|p1a: Noctowl|158/344\n|-supereffective|p1a: Noctowl\n|-damage|p1a: Noctowl|0 fnt\n|faint|p1a: Noctowl\n|-hitcount|p1: Noctowl|3\n|\n|upkeep\n|\n|t:|1782734421\n|switch|p1a: Hitmontop|Hitmontop, L88, M|231/231\n|-damage|p1a: Hitmontop|217/231|[from] Stealth Rock\n|-ability|p1a: Hitmontop|Intimidate|boost\n|-unboost|p2a: Weavile|atk|1\n|turn|8\n|\n|t:|1782734427\n|switch|p2a: Swalot|Swalot, L90, M|262/326\n|move|p1a: Hitmontop|Rapid Spin|p2a: Swalot\n|-damage|p2a: Swalot|223/326\n|-boost|p1a: Hitmontop|spe|1\n|-sideend|p1: Brieuc Claquin|Stealth Rock|[from] move: Rapid Spin|[of] p1a: Hitmontop\n|\n|upkeep\n|turn|9\n|\n|t:|1782734435\n|switch|p1a: Vigoroth|Vigoroth, L85, M|173/275 tox\n|move|p2a: Swalot|Sludge Bomb|p1a: Vigoroth\n|-damage|p1a: Vigoroth|94/275 tox\n|\n|-damage|p1a: Vigoroth|77/275 tox|[from] psn\n|upkeep\n|turn|10\n|\n|t:|1782734444\n|move|p2a: Swalot|Protect|p2a: Swalot\n|-singleturn|p2a: Swalot|Protect\n|move|p1a: Vigoroth|Body Slam|p2a: Swalot\n|-activate|p2a: Swalot|move: Protect\n|\n|-damage|p1a: Vigoroth|43/275 tox|[from] psn\n|upkeep\n|turn|11\n|\n|t:|1782734461\n|switch|p1a: Dusknoir|Dusknoir, L89, M|225/225\n|move|p2a: Swalot|Sludge Bomb|p1a: Dusknoir\n|-resisted|p1a: Dusknoir\n|-crit|p1a: Dusknoir\n|-damage|p1a: Dusknoir|180/225\n|\n|-heal|p1a: Dusknoir|194/225|[from] item: Leftovers\n|upkeep\n|turn|12\n|\n|t:|1782734477\n|move|p2a: Swalot|Protect|p2a: Swalot\n|-singleturn|p2a: Swalot|Protect\n|move|p1a: Dusknoir|Will-O-Wisp|p2a: Swalot\n|-activate|p2a: Swalot|move: Protect\n|\n|-heal|p1a: Dusknoir|208/225|[from] item: Leftovers\n|upkeep\n|turn|13\n|\n|t:|1782734482\n|move|p2a: Swalot|Toxic|p1a: Dusknoir\n|-status|p1a: Dusknoir|tox\n|move|p1a: Dusknoir|Will-O-Wisp|p2a: Swalot\n|-status|p2a: Swalot|brn\n|\n|-heal|p1a: Dusknoir|222/225 tox|[from] item: Leftovers\n|-damage|p1a: Dusknoir|208/225 tox|[from] psn\n|-damage|p2a: Swalot|203/326 brn|[from] brn\n|upkeep\n|turn|14\n|\n|t:|1782734489\n|switch|p2a: Forretress|Forretress, L84, M|193/263\n|switch|p1a: Vigoroth|Vigoroth, L85, M|43/275 tox\n|\n|-damage|p1a: Vigoroth|26/275 tox|[from] psn\n|upkeep\n|turn|15\n|\n|t:|1782734500\n|switch|p1a: Hitmontop|Hitmontop, L88, M|217/231\n|-ability|p1a: Hitmontop|Intimidate|boost\n|-unboost|p2a: Forretress|atk|1\n|move|p2a: Forretress|Stealth Rock|p1a: Hitmontop\n|-sidestart|p1: Brieuc Claquin|move: Stealth Rock\n|\n|upkeep\n|turn|16\n|inactive|Mikifp has 120 seconds left.\n|\n|t:|1782734545\n|switch|p2a: Swalot|Swalot, L90, M|203/326 brn\n|move|p1a: Hitmontop|Rapid Spin|p2a: Swalot\n|-crit|p2a: Swalot\n|-damage|p2a: Swalot|152/326 brn\n|-boost|p1a: Hitmontop|spe|1\n|-sideend|p1: Brieuc Claquin|Stealth Rock|[from] move: Rapid Spin|[of] p1a: Hitmontop\n|\n|-damage|p2a: Swalot|132/326 brn|[from] brn\n|upkeep\n|turn|17\n|\n|t:|1782734560\n|move|p1a: Hitmontop|Earthquake|p2a: Swalot\n|-supereffective|p2a: Swalot\n|-damage|p2a: Swalot|0 fnt\n|faint|p2a: Swalot\n|\n|upkeep\n|\n|t:|1782734565\n|switch|p2a: Cresselia|Cresselia, L80, F|238/323\n|turn|18\n|\n|t:|1782734579\n|switch|p1a: Dusknoir|Dusknoir, L89, M|208/225 tox\n|-item|p2a: Cresselia|Leftovers|[from] ability: Frisk|[of] p1a: Dusknoir\n|move|p2a: Cresselia|Psyshock|p1a: Dusknoir\n|-damage|p1a: Dusknoir|162/225 tox\n|\n|-heal|p2a: Cresselia|258/323|[from] item: Leftovers\n|-heal|p1a: Dusknoir|176/225 tox|[from] item: Leftovers\n|-damage|p1a: Dusknoir|162/225 tox|[from] psn\n|upkeep\n|turn|19\n|\n|t:|1782734587\n|switch|p2a: Forretress|Forretress, L84, M|193/263\n|move|p1a: Dusknoir|Will-O-Wisp|p2a: Forretress\n|-status|p2a: Forretress|brn\n|\n|-heal|p1a: Dusknoir|176/225 tox|[from] item: Leftovers\n|-damage|p1a: Dusknoir|148/225 tox|[from] psn\n|-damage|p2a: Forretress|177/263 brn|[from] brn\n|upkeep\n|turn|20\n|\n|t:|1782734596\n|switch|p1a: Hitmontop|Hitmontop, L88, M|217/231\n|-ability|p1a: Hitmontop|Intimidate|boost\n|-unboost|p2a: Forretress|atk|1\n|switch|p2a: Cresselia|Cresselia, L80, F|258/323\n|\n|-heal|p2a: Cresselia|278/323|[from] item: Leftovers\n|upkeep\n|turn|21\n|\n|t:|1782734602\n|switch|p1a: Vigoroth|Vigoroth, L85, M|26/275 tox\n|move|p2a: Cresselia|Psyshock|p1a: Vigoroth\n|-damage|p1a: Vigoroth|0 fnt\n|faint|p1a: Vigoroth\n|\n|-heal|p2a: Cresselia|298/323|[from] item: Leftovers\n|upkeep\n|\n|t:|1782734609\n|switch|p1a: Wo-Chien|Wo-Chien, L83|277/277\n|-ability|p1a: Wo-Chien|Tablets of Ruin\n|turn|22\n|\n|t:|1782734618\n|switch|p2a: Weavile|Weavile, L79, F|240/240\n|move|p1a: Wo-Chien|Ruination|p2a: Weavile\n|-damage|p2a: Weavile|120/240\n|\n|upkeep\n|turn|23\n|\n|t:|1782734638\n|move|p2a: Weavile|Knock Off|p1a: Wo-Chien\n|-resisted|p1a: Wo-Chien\n|-damage|p1a: Wo-Chien|241/277\n|-enditem|p1a: Wo-Chien|Leftovers|[from] move: Knock Off|[of] p2a: Weavile\n|move|p1a: Wo-Chien|Stun Spore|p2a: Weavile\n|-status|p2a: Weavile|par\n|\n|upkeep\n|turn|24\n|\n|t:|1782734657\n|move|p1a: Wo-Chien|Ruination|p2a: Weavile\n|-damage|p2a: Weavile|60/240 par\n|move|p2a: Weavile|Triple Axel|p1a: Wo-Chien\n|-supereffective|p1a: Wo-Chien\n|-damage|p1a: Wo-Chien|211/277\n|-supereffective|p1a: Wo-Chien\n|-damage|p1a: Wo-Chien|149/277\n|-supereffective|p1a: Wo-Chien\n|-damage|p1a: Wo-Chien|59/277\n|-hitcount|p1a: Wo-Chien|3\n|\n|upkeep\n|turn|25\n|\n|t:|1782734666\n|move|p2a: Weavile|Ice Shard|p1a: Wo-Chien\n|-supereffective|p1a: Wo-Chien\n|-damage|p1a: Wo-Chien|0 fnt\n|faint|p1a: Wo-Chien\n|\n|upkeep\n|\n|t:|1782734671\n|switch|p1a: Hitmontop|Hitmontop, L88, M|217/231\n|-ability|p1a: Hitmontop|Intimidate|boost\n|-unboost|p2a: Weavile|atk|1\n|turn|26\n|\n|t:|1782734679\n|move|p2a: Weavile|Ice Shard|p1a: Hitmontop\n|-damage|p1a: Hitmontop|189/231\n|move|p1a: Hitmontop|Close Combat|p2a: Weavile\n|-supereffective|p2a: Weavile\n|-damage|p2a: Weavile|0 fnt\n|-unboost|p1a: Hitmontop|def|1\n|-unboost|p1a: Hitmontop|spd|1\n|faint|p2a: Weavile\n|\n|upkeep\n|\n|t:|1782734687\n|switch|p2a: Cresselia|Cresselia, L80, F|298/323\n|turn|27\n|\n|t:|1782734692\n|switch|p1a: Dusknoir|Dusknoir, L89, M|148/225 tox\n|-item|p2a: Cresselia|Leftovers|[from] ability: Frisk|[of] p1a: Dusknoir\n|move|p2a: Cresselia|Psyshock|p1a: Dusknoir\n|-damage|p1a: Dusknoir|102/225 tox\n|\n|-heal|p2a: Cresselia|318/323|[from] item: Leftovers\n|-heal|p1a: Dusknoir|116/225 tox|[from] item: Leftovers\n|-damage|p1a: Dusknoir|102/225 tox|[from] psn\n|upkeep\n|turn|28\n|\n|t:|1782734704\n|switch|p2a: Forretress|Forretress, L84, M|177/263 brn\n|move|p1a: Dusknoir|Pain Split|p2a: Forretress\n|-sethp|p2a: Forretress|139/263 brn|[from] move: Pain Split|[silent]\n|-sethp|p1a: Dusknoir|139/225 tox|[from] move: Pain Split\n|\n|-heal|p1a: Dusknoir|153/225 tox|[from] item: Leftovers\n|-damage|p1a: Dusknoir|125/225 tox|[from] psn\n|-damage|p2a: Forretress|123/263 brn|[from] brn\n|upkeep\n|turn|29\n|\n|t:|1782734714\n|switch|p1a: Masquerain|Masquerain, L87, F|264/264\n|-ability|p1a: Masquerain|Intimidate|boost\n|-unboost|p2a: Forretress|atk|1\n|move|p2a: Forretress|Stealth Rock|p1a: Masquerain\n|-sidestart|p1: Brieuc Claquin|move: Stealth Rock\n|\n|-damage|p2a: Forretress|107/263 brn|[from] brn\n|upkeep\n|turn|30\n|\n|t:|1782734720\n|switch|p2a: Cresselia|Cresselia, L80, F|318/323\n|move|p1a: Masquerain|Quiver Dance|p1a: Masquerain\n|-boost|p1a: Masquerain|spa|1\n|-boost|p1a: Masquerain|spd|1\n|-boost|p1a: Masquerain|spe|1\n|\n|-heal|p2a: Cresselia|323/323|[from] item: Leftovers\n|upkeep\n|turn|31\n|\n|t:|1782734733\n|-terastallize|p2a: Cresselia|Electric\n|move|p1a: Masquerain|Bug Buzz|p2a: Cresselia\n|-damage|p2a: Cresselia|185/323\n|move|p2a: Cresselia|Psyshock|p1a: Masquerain\n|-damage|p1a: Masquerain|188/264\n|\n|-heal|p2a: Cresselia|205/323|[from] item: Leftovers\n|upkeep\n|turn|32\n|\n|t:|1782734744\n|move|p1a: Masquerain|Quiver Dance|p1a: Masquerain\n|-boost|p1a: Masquerain|spa|1\n|-boost|p1a: Masquerain|spd|1\n|-boost|p1a: Masquerain|spe|1\n|move|p2a: Cresselia|Thunderbolt|p1a: Masquerain\n|-supereffective|p1a: Masquerain\n|-damage|p1a: Masquerain|110/264\n|\n|-heal|p2a: Cresselia|225/323|[from] item: Leftovers\n|upkeep\n|turn|33\n|\n|t:|1782734746\n|move|p1a: Masquerain|Bug Buzz|p2a: Cresselia\n|-damage|p2a: Cresselia|45/323\n|move|p2a: Cresselia|Thunderbolt|p1a: Masquerain\n|-supereffective|p1a: Masquerain\n|-damage|p1a: Masquerain|38/264\n|\n|-heal|p2a: Cresselia|65/323|[from] item: Leftovers\n|upkeep\n|turn|34\n|\n|t:|1782734754\n|move|p1a: Masquerain|Bug Buzz|p2a: Cresselia\n|-damage|p2a: Cresselia|0 fnt\n|faint|p2a: Cresselia\n|\n|upkeep\n|\n|t:|1782734757\n|switch|p2a: Regigigas|Regigigas, L84|322/322\n|-start|p2a: Regigigas|ability: Slow Start\n|turn|35\n|\n|t:|1782734766\n|move|p2a: Regigigas|Protect|p2a: Regigigas\n|-singleturn|p2a: Regigigas|Protect\n|move|p1a: Masquerain|Bug Buzz|p2a: Regigigas\n|-activate|p2a: Regigigas|move: Protect\n|\n|upkeep\n|turn|36\n|\n|t:|1782734775\n|move|p1a: Masquerain|Bug Buzz|p2a: Regigigas\n|-damage|p2a: Regigigas|162/322\n|move|p2a: Regigigas|Body Slam|p1a: Masquerain\n|-damage|p1a: Masquerain|0 fnt\n|faint|p1a: Masquerain\n|\n|-heal|p2a: Regigigas|182/322|[from] item: Leftovers\n|upkeep\n|\n|t:|1782734782\n|switch|p1a: Hitmontop|Hitmontop, L88, M|189/231\n|-damage|p1a: Hitmontop|175/231|[from] Stealth Rock\n|-ability|p1a: Hitmontop|Intimidate|boost\n|-unboost|p2a: Regigigas|atk|1\n|turn|37\n|\n|t:|1782734786\n|switch|p2a: Forretress|Forretress, L84, M|107/263 brn\n|move|p1a: Hitmontop|Close Combat|p2a: Forretress\n|-damage|p2a: Forretress|7/263 brn\n|-unboost|p1a: Hitmontop|def|1\n|-unboost|p1a: Hitmontop|spd|1\n|\n|-damage|p2a: Forretress|0 fnt|[from] brn\n|faint|p2a: Forretress\n|upkeep\n|\n|t:|1782734798\n|switch|p2a: Regigigas|Regigigas, L84|182/322\n|-start|p2a: Regigigas|ability: Slow Start\n|turn|38\n|\n|t:|1782734807\n|move|p2a: Regigigas|Protect|p2a: Regigigas\n|-singleturn|p2a: Regigigas|Protect\n|move|p1a: Hitmontop|Close Combat|p2a: Regigigas\n|-activate|p2a: Regigigas|move: Protect\n|\n|-heal|p2a: Regigigas|202/322|[from] item: Leftovers\n|upkeep\n|turn|39\n|\n|t:|1782734821\n|move|p1a: Hitmontop|Close Combat|p2a: Regigigas\n|-supereffective|p2a: Regigigas\n|-damage|p2a: Regigigas|0 fnt\n|-unboost|p1a: Hitmontop|def|1\n|-unboost|p1a: Hitmontop|spd|1\n|faint|p2a: Regigigas\n|-end|p2a: Regigigas|Slow Start|[silent]\n|\n|upkeep\n|\n|t:|1782734824\n|switch|p2a: Maushold|Maushold-Four, L76|238/238\n|turn|40\n|\n|t:|1782734838\n|switch|p1a: Dusknoir|Dusknoir, L89, M|125/225 tox\n|-damage|p1a: Dusknoir|97/225 tox|[from] Stealth Rock\n|-item|p2a: Maushold|Wide Lens|[from] ability: Frisk|[of] p1a: Dusknoir\n|move|p2a: Maushold|Population Bomb|p1a: Dusknoir\n|-immune|p1a: Dusknoir\n|\n|-heal|p1a: Dusknoir|111/225 tox|[from] item: Leftovers\n|-damage|p1a: Dusknoir|97/225 tox|[from] psn\n|upkeep\n|turn|41\n|\n|t:|1782734848\n|move|p2a: Maushold|Tidy Up|p2a: Maushold\n|-sideend|p1: Brieuc Claquin|Stealth Rock\n|-activate|p2a: Maushold|move: Tidy Up\n|-boost|p2a: Maushold|atk|1\n|-boost|p2a: Maushold|spe|1\n|move|p1a: Dusknoir|Will-O-Wisp|p2a: Maushold\n|-status|p2a: Maushold|brn\n|\n|-heal|p1a: Dusknoir|111/225 tox|[from] item: Leftovers\n|-damage|p1a: Dusknoir|83/225 tox|[from] psn\n|-damage|p2a: Maushold|224/238 brn|[from] brn\n|upkeep\n|turn|42\n|\n|t:|1782734854\n|move|p2a: Maushold|Tidy Up|p2a: Maushold\n|-boost|p2a: Maushold|atk|1\n|-boost|p2a: Maushold|spe|1\n|move|p1a: Dusknoir|Pain Split|p2a: Maushold\n|-sethp|p2a: Maushold|153/238 brn|[from] move: Pain Split|[silent]\n|-sethp|p1a: Dusknoir|153/225 tox|[from] move: Pain Split\n|\n|-heal|p1a: Dusknoir|167/225 tox|[from] item: Leftovers\n|-damage|p1a: Dusknoir|125/225 tox|[from] psn\n|-damage|p2a: Maushold|139/238 brn|[from] brn\n|upkeep\n|turn|43\n|\n|t:|1782734862\n|switch|p1a: Hitmontop|Hitmontop, L88, M|175/231\n|-ability|p1a: Hitmontop|Intimidate|boost\n|-unboost|p2a: Maushold|atk|1\n|move|p2a: Maushold|Encore||[still]\n|-fail|p2a: Maushold\n|\n|-damage|p2a: Maushold|125/238 brn|[from] brn\n|upkeep\n|turn|44\n|\n|t:|1782734872\n|-terastallize|p1a: Hitmontop|Steel\n|move|p2a: Maushold|Population Bomb|p1a: Hitmontop\n|-resisted|p1a: Hitmontop\n|-damage|p1a: Hitmontop|167/231\n|-hitcount|p1a: Hitmontop|1\n|move|p1a: Hitmontop|Close Combat|p2a: Maushold\n|-supereffective|p2a: Maushold\n|-damage|p2a: Maushold|0 fnt\n|-unboost|p1a: Hitmontop|def|1\n|-unboost|p1a: Hitmontop|spd|1\n|faint|p2a: Maushold\n|\n|win|Brieuc Claquin\n|raw|Brieuc Claquin's rating: 1828 &rarr; <strong>1853</strong><br />(+25 for winning)\n|raw|Mikifp's rating: 1917 &rarr; <strong>1892</strong><br />(-25 for losing)\n", "inputlog": ">version 3f8ef8cf60cebd2b18892af2794d10415e14a302\n>start {\"formatid\":\"gen9randombattle\",\"seed\":\"sodium,76a493ba86e4cc6243d2302e65ffd7ae\",\"rated\":\"Rated battle\"}\n>player p1 {\"name\":\"Brieuc Claquin\",\"avatar\":\"1\",\"rating\":1828,\"seed\":\"sodium,105597f8fbc36d3f302476ec2138a7e0\"}\n>player p2 {\"name\":\"Mikifp\",\"avatar\":\"riley\",\"rating\":1917,\"seed\":\"sodium,6b5774c3e7e4b23c50c4840aa9c0f22e\"}\n>p1 move knockoff\n>p2 switch 2\n>p1 move bulkup\n>p2 move toxic\n>p1 move bodyslam\n>p2 switch 3\n>p1 move knockoff\n>p2 switch 5\n>p1 switch 2\n>p2 move stealthrock\n>p1 move nastyplot\n>p2 switch 4\n>p1 move hypervoice\n>p2 move tripleaxel\n>p1 switch 6\n>p1 move rapidspin\n>p2 switch 3\n>p1 switch 2\n>p2 move sludgebomb\n>p1 move bodyslam\n>p2 move protect\n>p1 switch 5\n>p2 move sludgebomb\n>p1 move willowisp\n>p2 move protect\n>p1 move willowisp\n>p2 move toxic\n>p1 switch 5\n>p2 switch 4\n>p1 switch 2\n>p2 move stealthrock\n>p1 move rapidspin\n>p2 switch 4\n>p1 move earthquake\n>p2 move sludgebomb\n>p2 switch 5\n>p1 switch 5\n>p2 move psyshock\n>p1 move willowisp\n>p2 switch 4\n>p1 switch 5\n>p2 switch 4\n>p1 switch 2\n>p2 move psyshock\n>p1 switch 3\n>p1 move ruination\n>p2 switch 3\n>p1 move stunspore\n>p2 move knockoff\n>p1 move ruination\n>p2 move tripleaxel\n>p1 move gigadrain\n>p2 move iceshard\n>p1 switch 2\n>p1 move closecombat\n>p2 move iceshard\n>p2 switch 3\n>p1 switch 5\n>p2 move psyshock\n>p1 move painsplit\n>p2 switch 4\n>p1 switch 4\n>p2 move stealthrock\n>p1 move quiverdance\n>p2 switch 4\n>p1 move bugbuzz\n>p2 move psyshock terastallize\n>p1 move quiverdance\n>p2 move thunderbolt\n>p1 move bugbuzz\n>p2 move thunderbolt\n>p1 move bugbuzz\n>p2 move thunderbolt\n>p2 switch 2\n>p1 move bugbuzz\n>p2 move protect\n>p1 move bugbuzz\n>p2 move bodyslam\n>p1 switch 5\n>p1 move closecombat\n>p2 switch 4\n>p2 switch 4\n>p1 move closecombat\n>p2 move protect\n>p1 move closecombat\n>p2 move bodyslam\n>p2 switch 6\n>p1 switch 4\n>p2 move populationbomb\n>p1 move willowisp\n>p2 move tidyup\n>p1 move painsplit\n>p2 move tidyup\n>p1 switch 4\n>p2 move encore\n>p1 move closecombat terastallize\n>p2 move populationbomb", "uploadtime": 1782734872, "views": 9, "formatid": "gen9randombattle", "rating": 1853, "private": 0, "password": null, "player_dets": [{"name": "Brieuc Claquin", "avatar": "1", "rating": 1828, "seed": "sodium,105597f8fbc36d3f302476ec2138a7e0"}, {"name": "Mikifp", "avatar": "riley", "rating": 1917, "seed": "sodium,6b5774c3e7e4b23c50c4840aa9c0f22e"}], "teams_full": [{"Vigoroth": {"name": "Vigoroth", "species": "Vigoroth", "speciesId": "vigoroth", "gender": "M", "shiny": false, "level": 85, "moves": ["bulkup", "bodyslam", "knockoff", "slackoff"], "ability": "Vital Spirit", "evs": {"hp": 85, "atk": 85, "def": 85, "spa": 85, "spd": 85, "spe": 85}, "ivs": {"hp": 31, "atk": 31, "def": 31, "spa": 31, "spd": 31, "spe": 31}, "item": "Eviolite", "teraType": "Ghost", "role": "Bulky Setup", "bvs": {"hp": 80, "atk": 80, "def": 80, "spa": 55, "spd": 55, "spe": 90}, "stats": {"hp": 275, "atk": 185, "def": 185, "spa": 142, "spd": 142, "spe": 202}, "types": ["Normal"]}, "Noctowl": {"name": "Noctowl", "species": "Noctowl", "speciesId": "noctowl", "gender": "F", "shiny": false, "level": 95, "moves": ["roost", "hurricane", "hypervoice", "nastyplot"], "ability": "Tinted Lens", "evs": {"hp": 85, "atk": 0, "def": 85, "spa": 85, "spd": 85, "spe": 85}, "ivs": {"hp": 31, "atk": 0, "def": 31, "spa": 31, "spd": 31, "spe": 31}, "item": "Heavy-Duty Boots", "teraType": "Ground", "role": "Bulky Attacker", "bvs": {"hp": 100, "atk": 50, "def": 50, "spa": 86, "spd": 96, "spe": 70}, "stats": {"hp": 344, "atk": 100, "def": 149, "spa": 217, "spd": 236, "spe": 187}, "types": ["Normal", "Flying"]}, "Wo-Chien": {"name": "Wo-Chien", "species": "Wo-Chien", "speciesId": "wochien", "gender": "N", "shiny": false, "level": 83, "moves": ["gigadrain", "ruination", "stunspore", "knockoff"], "ability": "Tablets of Ruin", "evs": {"hp": 85, "atk": 85, "def": 85, "spa": 85, "spd": 85, "spe": 85}, "ivs": {"hp": 31, "atk": 31, "def": 31, "spa": 31, "spd": 31, "spe": 31}, "item": "Leftovers", "teraType": "Poison", "role": "Bulky Support", "bvs": {"hp": 85, "atk": 85, "def": 100, "spa": 95, "spd": 135, "spe": 70}, "stats": {"hp": 277, "atk": 189, "def": 214, "spa": 205, "spd": 272, "spe": 164}, "types": ["Dark", "Grass"]}, "Masquerain": {"name": "Masquerain", "species": "Masquerain", "speciesId": "masquerain", "gender": "F", "shiny": false, "level": 87, "moves": ["quiverdance", "hurricane", "hydropump", "bugbuzz"], "ability": "Intimidate", "evs": {"hp": 85, "atk": 0, "def": 85, "spa": 85, "spd": 85, "spe": 85}, "ivs": {"hp": 31, "atk": 0, "def": 31, "spa": 31, "spd": 31, "spe": 31}, "item": "Heavy-Duty Boots", "teraType": "Water", "role": "Setup Sweeper", "bvs": {"hp": 70, "atk": 60, "def": 62, "spa": 100, "spd": 82, "spe": 80}, "stats": {"hp": 264, "atk": 109, "def": 158, "spa": 224, "spd": 192, "spe": 189}, "types": ["Bug", "Flying"]}, "Dusknoir": {"name": "Dusknoir", "species": "Dusknoir", "speciesId": "dusknoir", "gender": "M", "shiny": false, "level": 89, "moves": ["poltergeist", "willowisp", "painsplit", "shadowsneak"], "ability": "Frisk", "evs": {"hp": 85, "atk": 85, "def": 85, "spa": 85, "spd": 85, "spe": 85}, "ivs": {"hp": 31, "atk": 31, "def": 31, "spa": 31, "spd": 31, "spe": 31}, "item": "Leftovers", "teraType": "Dark", "role": "Bulky Support", "bvs": {"hp": 45, "atk": 100, "def": 135, "spa": 65, "spd": 135, "spe": 45}, "stats": {"hp": 225, "atk": 229, "def": 291, "spa": 166, "spd": 291, "spe": 131}, "types": ["Ghost"]}, "Hitmontop": {"name": "Hitmontop", "species": "Hitmontop", "speciesId": "hitmontop", "gender": "M", "shiny": false, "level": 88, "moves": ["rapidspin", "closecombat", "earthquake", "stoneedge"], "ability": "Intimidate", "evs": {"hp": 85, "atk": 85, "def": 85, "spa": 85, "spd": 85, "spe": 85}, "ivs": {"hp": 31, "atk": 31, "def": 31, "spa": 31, "spd": 31, "spe": 31}, "item": "Assault Vest", "teraType": "Steel", "role": "Bulky Support", "bvs": {"hp": 50, "atk": 95, "def": 95, "spa": 35, "spd": 110, "spe": 70}, "stats": {"hp": 231, "atk": 217, "def": 217, "spa": 112, "spd": 244, "spe": 173}, "types": ["Fighting"]}}, {"Regigigas": {"name": "Regigigas", "species": "Regigigas", "speciesId": "regigigas", "gender": "N", "shiny": false, "level": 84, "moves": ["knockoff", "bodyslam", "substitute", "protect"], "ability": "Slow Start", "evs": {"hp": 85, "atk": 85, "def": 85, "spa": 85, "spd": 85, "spe": 85}, "ivs": {"hp": 31, "atk": 31, "def": 31, "spa": 31, "spd": 31, "spe": 31}, "item": "Leftovers", "teraType": "Ghost", "role": "Bulky Attacker", "bvs": {"hp": 110, "atk": 160, "def": 110, "spa": 80, "spd": 110, "spe": 100}, "stats": {"hp": 322, "atk": 317, "def": 233, "spa": 183, "spd": 233, "spe": 216}, "types": ["Normal"]}, "Swalot": {"name": "Swalot", "species": "Swalot", "speciesId": "swalot", "gender": "M", "shiny": false, "level": 90, "moves": ["sludgebomb", "toxic", "protect", "earthquake"], "ability": "Liquid Ooze", "evs": {"hp": 85, "atk": 85, "def": 85, "spa": 85, "spd": 85, "spe": 85}, "ivs": {"hp": 31, "atk": 31, "def": 31, "spa": 31, "spd": 31, "spe": 31}, "item": "Leftovers", "teraType": "Ground", "role": "Bulky Support", "bvs": {"hp": 100, "atk": 73, "def": 83, "spa": 73, "spd": 83, "spe": 55}, "stats": {"hp": 326, "atk": 183, "def": 201, "spa": 183, "spd": 201, "spe": 150}, "types": ["Poison"]}, "Cresselia": {"name": "Cresselia", "species": "Cresselia", "speciesId": "cresselia", "gender": "F", "shiny": false, "level": 80, "moves": ["moonlight", "psyshock", "calmmind", "thunderbolt"], "ability": "Levitate", "evs": {"hp": 85, "atk": 0, "def": 85, "spa": 85, "spd": 85, "spe": 85}, "ivs": {"hp": 31, "atk": 0, "def": 31, "spa": 31, "spd": 31, "spe": 31}, "item": "Leftovers", "teraType": "Electric", "role": "Bulky Setup", "bvs": {"hp": 120, "atk": 70, "def": 110, "spa": 75, "spd": 120, "spe": 85}, "stats": {"hp": 323, "atk": 117, "def": 222, "spa": 166, "spd": 238, "spe": 182}, "types": ["Psychic"]}, "Weavile": {"name": "Weavile", "species": "Weavile", "speciesId": "weavile", "gender": "F", "shiny": false, "level": 79, "moves": ["swordsdance", "iceshard", "tripleaxel", "knockoff"], "ability": "Pickpocket", "evs": {"hp": 85, "atk": 85, "def": 85, "spa": 85, "spd": 85, "spe": 85}, "ivs": {"hp": 31, "atk": 31, "def": 31, "spa": 31, "spd": 31, "spe": 31}, "item": "Heavy-Duty Boots", "teraType": "Ice", "role": "Fast Attacker", "bvs": {"hp": 70, "atk": 120, "def": 65, "spa": 45, "spd": 85, "spe": 125}, "stats": {"hp": 240, "atk": 235, "def": 148, "spa": 117, "spd": 180, "spe": 243}, "types": ["Dark", "Ice"]}, "Forretress": {"name": "Forretress", "species": "Forretress", "speciesId": "forretress", "gender": "M", "shiny": false, "level": 84, "moves": ["ironhead", "stealthrock", "spikes", "bodypress"], "ability": "Sturdy", "evs": {"hp": 85, "atk": 85, "def": 85, "spa": 85, "spd": 85, "spe": 85}, "ivs": {"hp": 31, "atk": 31, "def": 31, "spa": 31, "spd": 31, "spe": 31}, "item": "Leftovers", "teraType": "Fighting", "role": "Bulky Attacker", "bvs": {"hp": 75, "atk": 90, "def": 140, "spa": 60, "spd": 60, "spe": 40}, "stats": {"hp": 263, "atk": 199, "def": 283, "spa": 149, "spd": 149, "spe": 115}, "types": ["Bug", "Steel"]}, "Maushold": {"name": "Maushold", "species": "Maushold-Four", "speciesId": "maushold", "gender": "N", "shiny": false, "level": 76, "moves": ["encore", "bite", "populationbomb", "tidyup"], "ability": "Technician", "evs": {"hp": 85, "atk": 85, "def": 85, "spa": 85, "spd": 85, "spe": 85}, "ivs": {"hp": 31, "atk": 31, "def": 31, "spa": 31, "spd": 31, "spe": 31}, "item": "Wide Lens", "teraType": "Ghost", "role": "Setup Sweeper", "bvs": {"hp": 74, "atk": 75, "def": 70, "spa": 65, "spd": 75, "spe": 111}, "stats": {"hp": 238, "atk": 158, "def": 150, "spa": 143, "spd": 158, "spe": 213}, "types": ["Normal"]}}]}