{"id": "gen9randombattle-2641515964", "format": "[Gen 9] Random Battle", "players": ["aveirolu", "swaqfeq"], "log": "|j|\u2606aveirolu\n|j|\u203dswaqfeq\n|t:|1782798648\n|gametype|singles\n|player|p1|aveirolu|265|1809\n|player|p2|swaqfeq|az|1876\n|gen|9\n|tier|[Gen 9] Random Battle\n|rated|\n|rule|Species Clause: Limit one of each Pok\u00e9mon\n|rule|HP Percentage Mod: HP is shown in percentages\n|rule|Sleep Clause Mod: Limit one foe put to sleep\n|rule|Illusion Level Mod: Illusion disguises the Pok\u00e9mon's true level\n|\n|t:|1782798648\n|teamsize|p1|6\n|teamsize|p2|6\n|start\n|switch|p1a: Suicune|Suicune, L82|298/298\n|switch|p2a: Pecharunt|Pecharunt, L77|262/262\n|-ability|p1a: Suicune|Pressure\n|turn|1\n|inactive|Battle timer is ON: inactive players will automatically lose when time's up. (requested by swaqfeq)\n|\n|t:|1782798670\n|move|p1a: Suicune|Substitute|p1a: Suicune\n|-start|p1a: Suicune|Substitute\n|-damage|p1a: Suicune|224/298\n|move|p2a: Pecharunt|Malignant Chain|p1a: Suicune\n|-activate|p1a: Suicune|move: Substitute|[damage]\n|\n|-heal|p1a: Suicune|242/298|[from] item: Leftovers\n|upkeep\n|turn|2\n|\n|t:|1782798687\n|move|p1a: Suicune|Calm Mind|p1a: Suicune\n|-boost|p1a: Suicune|spa|1\n|-boost|p1a: Suicune|spd|1\n|move|p2a: Pecharunt|Parting Shot|p1a: Suicune\n|-unboost|p1a: Suicune|atk|1\n|-unboost|p1a: Suicune|spa|1\n|\n|t:|1782798693\n|switch|p2a: Cyclizar|Cyclizar, L83, M|252/252|[from] Parting Shot\n|\n|-heal|p1a: Suicune|260/298|[from] item: Leftovers\n|upkeep\n|turn|3\n|\n|t:|1782798705\n|move|p2a: Cyclizar|Shed Tail|p2a: Cyclizar\n|-start|p2a: Cyclizar|Substitute|[from] move: Shed Tail\n|-damage|p2a: Cyclizar|126/252\n|\n|t:|1782798711\n|switch|p2a: Sceptile|Sceptile, L87, M|264/264|[from] Shed Tail\n|move|p1a: Suicune|Ice Beam|p2a: Sceptile\n|-supereffective|p2a: Sceptile\n|-end|p2a: Sceptile|Substitute\n|\n|-heal|p1a: Suicune|278/298|[from] item: Leftovers\n|upkeep\n|turn|4\n|\n|t:|1782798725\n|move|p2a: Sceptile|Earthquake|p1a: Suicune\n|-end|p1a: Suicune|Substitute\n|-damage|p2a: Sceptile|238/264|[from] item: Life Orb\n|move|p1a: Suicune|Ice Beam|p2a: Sceptile\n|-supereffective|p2a: Sceptile\n|-damage|p2a: Sceptile|124/264\n|\n|-heal|p1a: Suicune|296/298|[from] item: Leftovers\n|upkeep\n|turn|5\n|\n|t:|1782798746\n|switch|p1a: Bellossom|Bellossom, L84, M|263/263\n|move|p2a: Sceptile|Leaf Storm|p1a: Bellossom\n|-resisted|p1a: Bellossom\n|-damage|p1a: Bellossom|177/263\n|-unboost|p2a: Sceptile|spa|2\n|-damage|p2a: Sceptile|98/264|[from] item: Life Orb\n|\n|-heal|p1a: Bellossom|193/263|[from] item: Leftovers\n|upkeep\n|turn|6\n|\n|t:|1782798758\n|switch|p2a: Pecharunt|Pecharunt, L77|262/262\n|move|p1a: Bellossom|Quiver Dance|p1a: Bellossom\n|-boost|p1a: Bellossom|spa|1\n|-boost|p1a: Bellossom|spd|1\n|-boost|p1a: Bellossom|spe|1\n|\n|-heal|p1a: Bellossom|209/263|[from] item: Leftovers\n|upkeep\n|turn|7\n|\n|t:|1782798778\n|-terastallize|p1a: Bellossom|Poison\n|move|p1a: Bellossom|Quiver Dance|p1a: Bellossom\n|-boost|p1a: Bellossom|spa|1\n|-boost|p1a: Bellossom|spd|1\n|-boost|p1a: Bellossom|spe|1\n|move|p2a: Pecharunt|Malignant Chain|p1a: Bellossom\n|-resisted|p1a: Bellossom\n|-crit|p1a: Bellossom\n|-damage|p1a: Bellossom|149/263\n|\n|-heal|p1a: Bellossom|165/263|[from] item: Leftovers\n|upkeep\n|turn|8\n|inactive|aveirolu has 120 seconds left.\n|\n|t:|1782798796\n|move|p1a: Bellossom|Giga Drain|p2a: Pecharunt\n|-resisted|p2a: Pecharunt\n|-damage|p2a: Pecharunt|186/262\n|-heal|p1a: Bellossom|203/263|[from] drain|[of] p2a: Pecharunt\n|move|p2a: Pecharunt|Shadow Ball|p1a: Bellossom\n|-damage|p1a: Bellossom|169/263\n|-unboost|p1a: Bellossom|spd|1\n|\n|-heal|p1a: Bellossom|185/263|[from] item: Leftovers\n|upkeep\n|turn|9\n|\n|t:|1782798809\n|move|p1a: Bellossom|Quiver Dance|p1a: Bellossom\n|-boost|p1a: Bellossom|spa|1\n|-boost|p1a: Bellossom|spd|1\n|-boost|p1a: Bellossom|spe|1\n|move|p2a: Pecharunt|Parting Shot|p1a: Bellossom\n|-unboost|p1a: Bellossom|atk|1\n|-unboost|p1a: Bellossom|spa|1\n|\n|t:|1782798813\n|switch|p2a: Skeledirge|Skeledirge, L79, F|294/294|[from] Parting Shot\n|\n|-heal|p1a: Bellossom|201/263|[from] item: Leftovers\n|upkeep\n|turn|10\n|\n|t:|1782798828\n|switch|p1a: Sableye|Sableye, L88, F|231/231\n|move|p2a: Skeledirge|Torch Song|p1a: Sableye\n|-damage|p1a: Sableye|129/231\n|-boost|p2a: Skeledirge|spa|1\n|\n|-heal|p1a: Sableye|143/231|[from] item: Leftovers\n|upkeep\n|turn|11\n|\n|t:|1782798842\n|switch|p2a: Sceptile|Sceptile, L87, M|98/264\n|move|p1a: Sableye|Thunder Wave|p2a: Sceptile\n|-status|p2a: Sceptile|par\n|\n|-heal|p1a: Sableye|157/231|[from] item: Leftovers\n|upkeep\n|turn|12\n|\n|t:|1782798849\n|move|p1a: Sableye|Knock Off|p2a: Sceptile\n|-damage|p2a: Sceptile|0 fnt\n|-enditem|p2a: Sceptile|Life Orb|[from] move: Knock Off|[of] p1a: Sableye\n|faint|p2a: Sceptile\n|\n|-heal|p1a: Sableye|171/231|[from] item: Leftovers\n|upkeep\n|\n|t:|1782798854\n|switch|p2a: Mightyena|Mightyena, L96, F|290/290\n|-ability|p2a: Mightyena|Intimidate|boost\n|-unboost|p1a: Sableye|atk|1\n|turn|13\n|\n|t:|1782798873\n|switch|p1a: Probopass|Probopass, L91, F|257/257\n|move|p2a: Mightyena|Crunch|p1a: Probopass\n|-damage|p1a: Probopass|163/257\n|-unboost|p1a: Probopass|def|1\n|\n|-heal|p1a: Probopass|179/257|[from] item: Leftovers\n|upkeep\n|turn|14\n|\n|t:|1782798889\n|switch|p2a: Pecharunt|Pecharunt, L77|186/262\n|move|p1a: Probopass|Thunder Wave|p2a: Pecharunt\n|-status|p2a: Pecharunt|par\n|\n|-heal|p1a: Probopass|195/257|[from] item: Leftovers\n|upkeep\n|turn|15\n|\n|t:|1782798901\n|move|p1a: Probopass|Iron Defense|p1a: Probopass\n|-boost|p1a: Probopass|def|2\n|move|p2a: Pecharunt|Shadow Ball|p1a: Probopass\n|-damage|p1a: Probopass|153/257\n|-unboost|p1a: Probopass|spd|1\n|\n|-heal|p1a: Probopass|169/257|[from] item: Leftovers\n|upkeep\n|turn|16\n|\n|t:|1782798923\n|switch|p1a: Sableye|Sableye, L88, F|171/231\n|move|p2a: Pecharunt|Shadow Ball|p1a: Sableye\n|-damage|p1a: Sableye|99/231\n|\n|-heal|p1a: Sableye|113/231|[from] item: Leftovers\n|upkeep\n|turn|17\n|\n|t:|1782798939\n|move|p1a: Sableye|Knock Off|p2a: Pecharunt\n|-supereffective|p2a: Pecharunt\n|-damage|p2a: Pecharunt|66/262 par\n|-damage|p1a: Sableye|75/231|[from] item: Rocky Helmet|[of] p2a: Pecharunt\n|-enditem|p2a: Pecharunt|Rocky Helmet|[from] move: Knock Off|[of] p1a: Sableye\n|move|p2a: Pecharunt|Parting Shot|p1a: Sableye\n|-unboost|p1a: Sableye|atk|1\n|-unboost|p1a: Sableye|spa|1\n|\n|t:|1782798947\n|switch|p2a: Mightyena|Mightyena, L96, F|290/290|[from] Parting Shot\n|-ability|p2a: Mightyena|Intimidate|boost\n|-unboost|p1a: Sableye|atk|1\n|\n|-heal|p1a: Sableye|89/231|[from] item: Leftovers\n|upkeep\n|turn|18\n|\n|t:|1782798956\n|switch|p1a: Probopass|Probopass, L91, F|169/257\n|move|p2a: Mightyena|Crunch|p1a: Probopass\n|-damage|p1a: Probopass|72/257\n|\n|-heal|p1a: Probopass|88/257|[from] item: Leftovers\n|upkeep\n|turn|19\n|\n|t:|1782798964\n|move|p2a: Mightyena|Crunch|p1a: Probopass\n|-damage|p1a: Probopass|0 fnt\n|faint|p1a: Probopass\n|\n|upkeep\n|\n|t:|1782798978\n|switch|p1a: Bellossom|Bellossom, L84, M, tera:Poison|201/263\n|turn|20\n|\n|t:|1782798984\n|switch|p2a: Skeledirge|Skeledirge, L79, F|294/294\n|move|p1a: Bellossom|Strength Sap|p2a: Skeledirge\n|-unboost|p2a: Skeledirge|atk|1\n|-heal|p1a: Bellossom|263/263\n|\n|upkeep\n|turn|21\n|\n|t:|1782799003\n|switch|p1a: Suicune|Suicune, L82|296/298\n|-ability|p1a: Suicune|Pressure\n|move|p2a: Skeledirge|Torch Song|p1a: Suicune\n|-resisted|p1a: Suicune\n|-damage|p1a: Suicune|263/298\n|-boost|p2a: Skeledirge|spa|1\n|\n|-heal|p1a: Suicune|281/298|[from] item: Leftovers\n|upkeep\n|turn|22\n|\n|t:|1782799021\n|-terastallize|p2a: Skeledirge|Fairy\n|move|p1a: Suicune|Scald|p2a: Skeledirge\n|-damage|p2a: Skeledirge|207/294\n|move|p2a: Skeledirge|Flame Charge|p1a: Suicune\n|-resisted|p1a: Suicune\n|-damage|p1a: Suicune|271/298\n|-boost|p2a: Skeledirge|spe|1\n|\n|-heal|p1a: Suicune|289/298|[from] item: Leftovers\n|upkeep\n|turn|23\n|\n|t:|1782799044\n|switch|p1a: Bellossom|Bellossom, L84, M, tera:Poison|263/263\n|move|p2a: Skeledirge|Torch Song|p1a: Bellossom\n|-damage|p1a: Bellossom|143/263\n|-boost|p2a: Skeledirge|spa|1\n|\n|-heal|p1a: Bellossom|159/263|[from] item: Leftovers\n|upkeep\n|turn|24\n|\n|t:|1782799052\n|move|p2a: Skeledirge|Torch Song|p1a: Bellossom\n|-damage|p1a: Bellossom|14/263\n|-boost|p2a: Skeledirge|spa|1\n|move|p1a: Bellossom|Sludge Bomb|p2a: Skeledirge\n|-supereffective|p2a: Skeledirge\n|-damage|p2a: Skeledirge|1/294\n|\n|-heal|p1a: Bellossom|30/263|[from] item: Leftovers\n|upkeep\n|turn|25\n|\n|t:|1782799062\n|move|p2a: Skeledirge|Torch Song|p1a: Bellossom\n|-damage|p1a: Bellossom|0 fnt\n|-boost|p2a: Skeledirge|spa|1\n|faint|p1a: Bellossom\n|\n|upkeep\n|\n|t:|1782799074\n|switch|p1a: Sableye|Sableye, L88, F|89/231\n|turn|26\n|\n|t:|1782799083\n|move|p1a: Sableye|Thunder Wave|p2a: Skeledirge|[miss]\n|-miss|p1a: Sableye|p2a: Skeledirge\n|move|p2a: Skeledirge|Slack Off|p2a: Skeledirge\n|-heal|p2a: Skeledirge|148/294\n|\n|-heal|p1a: Sableye|103/231|[from] item: Leftovers\n|upkeep\n|turn|27\n|\n|t:|1782799091\n|move|p1a: Sableye|Encore|p2a: Skeledirge\n|-start|p2a: Skeledirge|Encore\n|move|p2a: Skeledirge|Slack Off|p2a: Skeledirge\n|-heal|p2a: Skeledirge|294/294\n|\n|-heal|p1a: Sableye|117/231|[from] item: Leftovers\n|upkeep\n|turn|28\n|\n|t:|1782799099\n|move|p1a: Sableye|Recover|p1a: Sableye\n|-heal|p1a: Sableye|231/231\n|move|p2a: Skeledirge|Slack Off||[still]\n|-fail|p2a: Skeledirge|heal\n|\n|upkeep\n|turn|29\n|\n|t:|1782799107\n|switch|p2a: Mightyena|Mightyena, L96, F|290/290\n|-ability|p2a: Mightyena|Intimidate|boost\n|-unboost|p1a: Sableye|atk|1\n|move|p1a: Sableye|Thunder Wave|p2a: Mightyena\n|-hint|Since gen 7, Dark is immune to Prankster moves.\n|-immune|p2a: Mightyena\n|\n|upkeep\n|turn|30\n|\n|t:|1782799114\n|switch|p1a: Suicune|Suicune, L82|289/298\n|-ability|p1a: Suicune|Pressure\n|move|p2a: Mightyena|Crunch|p1a: Suicune\n|-damage|p1a: Suicune|156/298\n|\n|-heal|p1a: Suicune|174/298|[from] item: Leftovers\n|upkeep\n|turn|31\n|\n|t:|1782799121\n|move|p2a: Mightyena|Crunch|p1a: Suicune\n|-damage|p1a: Suicune|56/298\n|move|p1a: Suicune|Scald|p2a: Mightyena\n|-damage|p2a: Mightyena|208/290\n|-status|p2a: Mightyena|brn\n|\n|-heal|p1a: Suicune|74/298|[from] item: Leftovers\n|-damage|p2a: Mightyena|190/290 brn|[from] brn\n|upkeep\n|turn|32\n|\n|t:|1782799131\n|move|p2a: Mightyena|Crunch|p1a: Suicune\n|-damage|p1a: Suicune|14/298\n|move|p1a: Suicune|Scald|p2a: Mightyena\n|-damage|p2a: Mightyena|109/290 brn\n|\n|-heal|p1a: Suicune|32/298|[from] item: Leftovers\n|-damage|p2a: Mightyena|91/290 brn|[from] brn\n|upkeep\n|turn|33\n|\n|t:|1782799156\n|move|p2a: Mightyena|Crunch|p1a: Suicune\n|-damage|p1a: Suicune|0 fnt\n|faint|p1a: Suicune\n|\n|-damage|p2a: Mightyena|73/290 brn|[from] brn\n|upkeep\n|inactive|aveirolu has 120 seconds left.\n|\n|t:|1782799189\n|switch|p1a: Maushold|Maushold-Four, L76|238/238\n|turn|34\n|\n|t:|1782799203\n|switch|p2a: Cyclizar|Cyclizar, L83, M|210/252\n|move|p1a: Maushold|Tidy Up|p1a: Maushold\n|-boost|p1a: Maushold|atk|1\n|-boost|p1a: Maushold|spe|1\n|\n|upkeep\n|turn|35\n|\n|t:|1782799211\n|switch|p2a: Mightyena|Mightyena, L96, F|73/290 brn\n|-ability|p2a: Mightyena|Intimidate|boost\n|-unboost|p1a: Maushold|atk|1\n|move|p1a: Maushold|Population Bomb|p2a: Mightyena\n|-damage|p2a: Mightyena|49/290 brn\n|-damage|p2a: Mightyena|27/290 brn\n|-damage|p2a: Mightyena|0 fnt\n|faint|p2a: Mightyena\n|-hitcount|p2: Mightyena|3\n|\n|upkeep\n|\n|t:|1782799217\n|switch|p2a: Skarmory|Skarmory, L80, F|235/235\n|turn|36\n|\n|t:|1782799221\n|switch|p1a: Sableye|Sableye, L88, F|231/231\n|move|p2a: Skarmory|Body Press|p1a: Sableye\n|-immune|p1a: Sableye\n|\n|upkeep\n|turn|37\n|\n|t:|1782799233\n|switch|p2a: Pecharunt|Pecharunt, L77|66/262 par\n|move|p1a: Sableye|Knock Off|p2a: Pecharunt\n|-supereffective|p2a: Pecharunt\n|-damage|p2a: Pecharunt|0 fnt\n|faint|p2a: Pecharunt\n|\n|upkeep\n|\n|t:|1782799237\n|switch|p2a: Cyclizar|Cyclizar, L83, M|252/252\n|turn|38\n|\n|t:|1782799262\n|move|p1a: Sableye|Thunder Wave|p2a: Cyclizar\n|-status|p2a: Cyclizar|par\n|cant|p2a: Cyclizar|par\n|\n|upkeep\n|turn|39\n|inactive|aveirolu has 120 seconds left.\n|\n|t:|1782799281\n|move|p1a: Sableye|Knock Off|p2a: Cyclizar\n|-damage|p2a: Cyclizar|137/252 par\n|-enditem|p2a: Cyclizar|Heavy-Duty Boots|[from] move: Knock Off|[of] p1a: Sableye\n|cant|p2a: Cyclizar|par\n|\n|upkeep\n|turn|40\n|\n|t:|1782799290\n|switch|p2a: Skeledirge|Skeledirge, L79, F, tera:Fairy|294/294\n|move|p1a: Sableye|Knock Off|p2a: Skeledirge\n|-resisted|p2a: Skeledirge\n|-damage|p2a: Skeledirge|252/294\n|-enditem|p2a: Skeledirge|Heavy-Duty Boots|[from] move: Knock Off|[of] p1a: Sableye\n|\n|upkeep\n|turn|41\n|\n|t:|1782799297\n|switch|p2a: Cyclizar|Cyclizar, L83, M|221/252 par\n|move|p1a: Sableye|Thunder Wave|p2a: Cyclizar\n|-fail|p2a: Cyclizar|par\n|\n|upkeep\n|turn|42\n|\n|t:|1782799306\n|switch|p1a: Maushold|Maushold-Four, L76|238/238\n|move|p2a: Cyclizar|Shed Tail|p2a: Cyclizar\n|-start|p2a: Cyclizar|Substitute|[from] move: Shed Tail\n|-damage|p2a: Cyclizar|95/252 par\n|\n|t:|1782799310\n|switch|p2a: Skarmory|Skarmory, L80, F|235/235|[from] Shed Tail\n|\n|upkeep\n|turn|43\n|\n|t:|1782799319\n|switch|p1a: Sableye|Sableye, L88, F|231/231\n|move|p2a: Skarmory|Body Press|p1a: Sableye\n|-immune|p1a: Sableye\n|\n|upkeep\n|turn|44\n|\n|t:|1782799328\n|move|p1a: Sableye|Encore|p2a: Skarmory\n|-start|p2a: Skarmory|Encore\n|move|p2a: Skarmory|Body Press|p1a: Sableye\n|-immune|p1a: Sableye\n|\n|upkeep\n|turn|45\n|\n|t:|1782799331\n|switch|p2a: Cyclizar|Cyclizar, L83, M|179/252 par\n|move|p1a: Sableye|Knock Off|p2a: Cyclizar\n|-damage|p2a: Cyclizar|104/252 par\n|\n|upkeep\n|turn|46\n|\n|t:|1782799339\n|move|p1a: Sableye|Knock Off|p2a: Cyclizar\n|-damage|p2a: Cyclizar|28/252 par\n|move|p2a: Cyclizar|Knock Off|p1a: Sableye\n|-crit|p1a: Sableye\n|-damage|p1a: Sableye|127/231\n|-enditem|p1a: Sableye|Leftovers|[from] move: Knock Off|[of] p2a: Cyclizar\n|\n|upkeep\n|turn|47\n|\n|t:|1782799346\n|switch|p2a: Skeledirge|Skeledirge, L79, F, tera:Fairy|252/294\n|move|p1a: Sableye|Knock Off|p2a: Skeledirge\n|-resisted|p2a: Skeledirge\n|-damage|p2a: Skeledirge|223/294\n|\n|upkeep\n|turn|48\n|\n|t:|1782799350\n|switch|p2a: Cyclizar|Cyclizar, L83, M|112/252 par\n|move|p1a: Sableye|Thunder Wave|p2a: Cyclizar\n|-fail|p2a: Cyclizar|par\n|\n|upkeep\n|turn|49\n|\n|t:|1782799354\n|move|p1a: Sableye|Knock Off|p2a: Cyclizar\n|-damage|p2a: Cyclizar|36/252 par\n|move|p2a: Cyclizar|Draco Meteor|p1a: Sableye\n|-damage|p1a: Sableye|0 fnt\n|-unboost|p2a: Cyclizar|spa|2\n|faint|p1a: Sableye\n|\n|upkeep\n|\n|t:|1782799369\n|switch|p1a: Maushold|Maushold-Four, L76|238/238\n|turn|50\n|inactive|swaqfeq has 120 seconds left.\n|\n|t:|1782799406\n|switch|p2a: Skarmory|Skarmory, L80, F|235/235\n|move|p1a: Maushold|Population Bomb|p2a: Skarmory\n|-resisted|p2a: Skarmory\n|-damage|p2a: Skarmory|227/235\n|-resisted|p2a: Skarmory\n|-damage|p2a: Skarmory|218/235\n|-resisted|p2a: Skarmory\n|-damage|p2a: Skarmory|209/235\n|-resisted|p2a: Skarmory\n|-damage|p2a: Skarmory|200/235\n|-resisted|p2a: Skarmory\n|-damage|p2a: Skarmory|191/235\n|-resisted|p2a: Skarmory\n|-damage|p2a: Skarmory|183/235\n|-resisted|p2a: Skarmory\n|-crit|p2a: Skarmory\n|-damage|p2a: Skarmory|171/235\n|-resisted|p2a: Skarmory\n|-damage|p2a: Skarmory|162/235\n|-resisted|p2a: Skarmory\n|-damage|p2a: Skarmory|154/235\n|-resisted|p2a: Skarmory\n|-damage|p2a: Skarmory|146/235\n|-hitcount|p2a: Skarmory|10\n|\n|-heal|p2a: Skarmory|160/235|[from] item: Leftovers\n|upkeep\n|turn|51\n|\n|t:|1782799430\n|move|p1a: Maushold|Tidy Up|p1a: Maushold\n|-boost|p1a: Maushold|atk|1\n|-boost|p1a: Maushold|spe|1\n|move|p2a: Skarmory|Body Press|p1a: Maushold\n|-supereffective|p1a: Maushold\n|-damage|p1a: Maushold|62/238\n|\n|-heal|p2a: Skarmory|174/235|[from] item: Leftovers\n|upkeep\n|turn|52\n|inactive|aveirolu has 120 seconds left.\n|\n|t:|1782799449\n|move|p1a: Maushold|Population Bomb|p2a: Skarmory\n|-resisted|p2a: Skarmory\n|-damage|p2a: Skarmory|163/235\n|-resisted|p2a: Skarmory\n|-damage|p2a: Skarmory|151/235\n|-resisted|p2a: Skarmory\n|-damage|p2a: Skarmory|139/235\n|-resisted|p2a: Skarmory\n|-damage|p2a: Skarmory|128/235\n|-resisted|p2a: Skarmory\n|-damage|p2a: Skarmory|116/235\n|-resisted|p2a: Skarmory\n|-damage|p2a: Skarmory|104/235\n|-resisted|p2a: Skarmory\n|-damage|p2a: Skarmory|92/235\n|-resisted|p2a: Skarmory\n|-damage|p2a: Skarmory|81/235\n|-resisted|p2a: Skarmory\n|-damage|p2a: Skarmory|69/235\n|-resisted|p2a: Skarmory\n|-damage|p2a: Skarmory|57/235\n|-hitcount|p2a: Skarmory|10\n|move|p2a: Skarmory|Body Press|p1a: Maushold\n|-supereffective|p1a: Maushold\n|-damage|p1a: Maushold|0 fnt\n|faint|p1a: Maushold\n|\n|-heal|p2a: Skarmory|71/235|[from] item: Leftovers\n|upkeep\n|inactive|aveirolu has 120 seconds left.\n|\n|t:|1782799470\n|switch|p1a: Articuno|Articuno-Galar, L84|288/288\n|turn|53\n|\n|t:|1782799477\n|move|p1a: Articuno|Calm Mind|p1a: Articuno\n|-boost|p1a: Articuno|spa|1\n|-boost|p1a: Articuno|spd|1\n|move|p2a: Skarmory|Brave Bird|p1a: Articuno\n|-damage|p1a: Articuno|186/288\n|-damage|p2a: Skarmory|37/235|[from] Recoil\n|\n|-heal|p2a: Skarmory|51/235|[from] item: Leftovers\n|upkeep\n|turn|54\n|inactive|aveirolu has 120 seconds left.\n|\n|t:|1782799492\n|move|p1a: Articuno|Recover|p1a: Articuno\n|-heal|p1a: Articuno|288/288\n|move|p2a: Skarmory|Brave Bird|p1a: Articuno\n|-damage|p1a: Articuno|189/288\n|-damage|p2a: Skarmory|18/235|[from] Recoil\n|\n|-heal|p2a: Skarmory|32/235|[from] item: Leftovers\n|upkeep\n|turn|55\n|inactive|aveirolu has 120 seconds left.\n|\n|t:|1782799499\n|move|p1a: Articuno|Freezing Glare|p2a: Skarmory\n|-resisted|p2a: Skarmory\n|-damage|p2a: Skarmory|0 fnt\n|faint|p2a: Skarmory\n|\n|upkeep\n|\n|t:|1782799501\n|switch|p2a: Skeledirge|Skeledirge, L79, F, tera:Fairy|223/294\n|turn|56\n|\n|t:|1782799516\n|move|p1a: Articuno|Freezing Glare|p2a: Skeledirge\n|-damage|p2a: Skeledirge|82/294\n|-status|p2a: Skeledirge|frz\n|cant|p2a: Skeledirge|frz\n|\n|upkeep\n|turn|57\n|-message|swaqfeq forfeited.\n|\n|win|aveirolu\n|raw|aveirolu's rating: 1809 &rarr; <strong>1833</strong><br />(+24 for winning)\n|raw|swaqfeq's rating: 1876 &rarr; <strong>1852</strong><br />(-24 for losing)\n|l|\u203dswaqfeq\n|player|p2|\n|j|\u203dswaqfeq\n|player|p2|swaqfeq|az|\n", "inputlog": ">version f8ac14003a5f27e1bdc8d8c59608a773c1cb96e5\n>start {\"formatid\":\"gen9randombattle\",\"seed\":\"sodium,4fedecfdc946f88253fa224cd64702bb\",\"rated\":\"Rated battle\"}\n>player p1 {\"name\":\"aveirolu\",\"avatar\":\"265\",\"rating\":1809,\"seed\":\"sodium,aefdbe2a668c7d7355d13e3f8dd9a90f\"}\n>player p2 {\"name\":\"swaqfeq\",\"avatar\":\"az\",\"rating\":1876,\"seed\":\"sodium,7c61eb0810de02a68ab6cc75a4abef01\"}\n>p1 move substitute\n>p2 move malignantchain\n>p1 move calmmind\n>p2 move partingshot\n>p2 switch 6\n>p1 move icebeam\n>p2 move shedtail\n>p2 switch 4\n>p1 move icebeam\n>p2 move earthquake\n>p1 switch 6\n>p2 move leafstorm\n>p1 move quiverdance\n>p2 switch 6\n>p1 move quiverdance terastallize\n>p2 move malignantchain\n>p1 move gigadrain\n>p2 move shadowball\n>p1 move quiverdance\n>p2 move partingshot\n>p2 switch 3\n>p1 switch 5\n>p2 move torchsong\n>p1 move thunderwave\n>p2 switch 6\n>p1 move knockoff\n>p2 move leafstorm\n>p2 switch 5\n>p1 switch 4\n>p2 move crunch\n>p1 move thunderwave\n>p2 switch 3\n>p1 move irondefense\n>p2 move shadowball\n>p1 switch 4\n>p2 move shadowball\n>p1 move knockoff\n>p2 move partingshot\n>p2 switch 3\n>p1 switch 4\n>p2 move crunch\n>p1 move thunderwave\n>p2 move crunch\n>p1 switch 5\n>p1 move strengthsap\n>p2 switch 6\n>p1 switch 6\n>p2 move torchsong\n>p1 move scald\n>p2 move flamecharge terastallize\n>p1 switch 6\n>p2 move torchsong\n>p1 move sludgebomb\n>p2 move torchsong\n>p1 move sludgebomb\n>p2 move torchsong\n>p1 switch 4\n>p1 move thunderwave\n>p2 move slackoff\n>p1 move encore\n>p2 move slackoff\n>p1 move recover\n>p2 move slackoff\n>p1 move thunderwave\n>p2 switch 6\n>p1 switch 6\n>p2 move crunch\n>p1 move scald\n>p2 move crunch\n>p1 move scald\n>p2 move crunch\n>p1 move scald\n>p2 move crunch\n>p1 switch 3\n>p1 move tidyup\n>p2 switch 4\n>p1 move populationbomb\n>p2 switch 4\n>p2 switch 2\n>p1 switch 6\n>p2 move bodypress\n>p1 move knockoff\n>p2 switch 3\n>p2 switch 4\n>p1 move thunderwave\n>p2 move shedtail\n>p1 move knockoff\n>p2 move shedtail\n>p1 move knockoff\n>p2 switch 6\n>p1 move thunderwave\n>p2 switch 6\n>p1 switch 6\n>p2 move shedtail\n>p2 switch 3\n>p1 switch 6\n>p2 move bodypress\n>p1 move encore\n>p2 move irondefense\n>p1 move knockoff\n>p2 switch 3\n>p1 move knockoff\n>p2 move knockoff\n>p1 move knockoff\n>p2 switch 6\n>p1 move thunderwave\n>p2 switch 6\n>p1 move knockoff\n>p2 move dracometeor\n>p1 switch 6\n>p1 move populationbomb\n>p2 switch 3\n>p1 move tidyup\n>p2 move bodypress\n>p1 move populationbomb\n>p2 move bodypress\n>p1 switch 2\n>p1 move calmmind\n>p2 move bravebird\n>p1 move recover\n>p2 move bravebird\n>p1 move freezingglare\n>p2 move bravebird\n>p2 switch 6\n>p1 move freezingglare\n>p2 move flamecharge\n>forcelose p2", "uploadtime": 1782799526, "views": 4, "formatid": "gen9randombattle", "rating": 1833, "private": 0, "password": null, "player_dets": [{"name": "aveirolu", "avatar": "265", "rating": 1809, "seed": "sodium,aefdbe2a668c7d7355d13e3f8dd9a90f"}, {"name": "swaqfeq", "avatar": "az", "rating": 1876, "seed": "sodium,7c61eb0810de02a68ab6cc75a4abef01"}], "teams_full": [{"Suicune": {"name": "Suicune", "species": "Suicune", "speciesId": "suicune", "gender": "N", "shiny": false, "level": 82, "moves": ["icebeam", "calmmind", "substitute", "scald"], "ability": "Pressure", "evs": {"hp": 85, "atk": 0, "def": 85, "spa": 85, "spd": 85, "spe": 85}, "ivs": {"hp": 31, "atk": 0, "def": 31, "spa": 31, "spd": 31, "spe": 31}, "item": "Leftovers", "teraType": "Dragon", "role": "Bulky Setup", "bvs": {"hp": 100, "atk": 75, "def": 115, "spa": 90, "spd": 115, "spe": 85}, "stats": {"hp": 298, "atk": 127, "def": 236, "spa": 195, "spd": 236, "spe": 187}, "types": ["Water"]}, "Articuno": {"name": "Articuno", "species": "Articuno-Galar", "speciesId": "articunogalar", "gender": "N", "shiny": false, "level": 84, "moves": ["freezingglare", "recover", "calmmind", "hurricane"], "ability": "Competitive", "evs": {"hp": 85, "atk": 0, "def": 85, "spa": 85, "spd": 85, "spe": 85}, "ivs": {"hp": 31, "atk": 0, "def": 31, "spa": 31, "spd": 31, "spe": 31}, "item": "Heavy-Duty Boots", "teraType": "Steel", "role": "Fast Bulky Setup", "bvs": {"hp": 90, "atk": 85, "def": 85, "spa": 125, "spd": 100, "spe": 95}, "stats": {"hp": 288, "atk": 147, "def": 191, "spa": 258, "spd": 216, "spe": 208}, "types": ["Psychic", "Flying"]}, "Maushold": {"name": "Maushold", "species": "Maushold-Four", "speciesId": "maushold", "gender": "N", "shiny": false, "level": 76, "moves": ["encore", "bite", "tidyup", "populationbomb"], "ability": "Technician", "evs": {"hp": 85, "atk": 85, "def": 85, "spa": 85, "spd": 85, "spe": 85}, "ivs": {"hp": 31, "atk": 31, "def": 31, "spa": 31, "spd": 31, "spe": 31}, "item": "Wide Lens", "teraType": "Ghost", "role": "Setup Sweeper", "bvs": {"hp": 74, "atk": 75, "def": 70, "spa": 65, "spd": 75, "spe": 111}, "stats": {"hp": 238, "atk": 158, "def": 150, "spa": 143, "spd": 158, "spe": 213}, "types": ["Normal"]}, "Probopass": {"name": "Probopass", "species": "Probopass", "speciesId": "probopass", "gender": "F", "shiny": false, "level": 91, "moves": ["bodypress", "irondefense", "flashcannon", "thunderwave"], "ability": "Magnet Pull", "evs": {"hp": 85, "atk": 0, "def": 85, "spa": 85, "spd": 85, "spe": 85}, "ivs": {"hp": 31, "atk": 0, "def": 31, "spa": 31, "spd": 31, "spe": 31}, "item": "Leftovers", "teraType": "Fighting", "role": "Bulky Setup", "bvs": {"hp": 60, "atk": 55, "def": 145, "spa": 75, "spd": 150, "spe": 40}, "stats": {"hp": 257, "atk": 105, "def": 316, "spa": 188, "spd": 325, "spe": 125}, "types": ["Rock", "Steel"]}, "Sableye": {"name": "Sableye", "species": "Sableye", "speciesId": "sableye", "gender": "F", "shiny": false, "level": 88, "moves": ["recover", "encore", "knockoff", "thunderwave"], "ability": "Prankster", "evs": {"hp": 85, "atk": 85, "def": 85, "spa": 85, "spd": 85, "spe": 85}, "ivs": {"hp": 31, "atk": 31, "def": 31, "spa": 31, "spd": 31, "spe": 31}, "item": "Leftovers", "teraType": "Poison", "role": "Bulky Support", "bvs": {"hp": 50, "atk": 75, "def": 75, "spa": 65, "spd": 65, "spe": 50}, "stats": {"hp": 231, "atk": 182, "def": 182, "spa": 165, "spd": 165, "spe": 138}, "types": ["Dark", "Ghost"]}, "Bellossom": {"name": "Bellossom", "species": "Bellossom", "speciesId": "bellossom", "gender": "M", "shiny": false, "level": 84, "moves": ["strengthsap", "quiverdance", "sludgebomb", "gigadrain"], "ability": "Chlorophyll", "evs": {"hp": 85, "atk": 0, "def": 85, "spa": 85, "spd": 85, "spe": 85}, "ivs": {"hp": 31, "atk": 0, "def": 31, "spa": 31, "spd": 31, "spe": 31}, "item": "Leftovers", "teraType": "Poison", "role": "Bulky Setup", "bvs": {"hp": 75, "atk": 80, "def": 95, "spa": 90, "spd": 100, "spe": 50}, "stats": {"hp": 263, "atk": 139, "def": 208, "spa": 199, "spd": 216, "spe": 132}, "types": ["Grass"]}}, {"Pecharunt": {"name": "Pecharunt", "species": "Pecharunt", "speciesId": "pecharunt", "gender": "N", "shiny": false, "level": 77, "moves": ["partingshot", "shadowball", "recover", "malignantchain"], "ability": "Poison Puppeteer", "evs": {"hp": 85, "atk": 0, "def": 85, "spa": 85, "spd": 85, "spe": 85}, "ivs": {"hp": 31, "atk": 0, "def": 31, "spa": 31, "spd": 31, "spe": 31}, "item": "Rocky Helmet", "teraType": "Dark", "role": "Bulky Attacker", "bvs": {"hp": 88, "atk": 88, "def": 160, "spa": 88, "spd": 88, "spe": 88}, "stats": {"hp": 262, "atk": 140, "def": 291, "spa": 180, "spd": 180, "spe": 180}, "types": ["Poison", "Ghost"]}, "Skarmory": {"name": "Skarmory", "species": "Skarmory", "speciesId": "skarmory", "gender": "F", "shiny": false, "level": 80, "moves": ["bravebird", "roost", "bodypress", "irondefense"], "ability": "Sturdy", "evs": {"hp": 85, "atk": 85, "def": 85, "spa": 85, "spd": 85, "spe": 85}, "ivs": {"hp": 31, "atk": 31, "def": 31, "spa": 31, "spd": 31, "spe": 31}, "item": "Leftovers", "teraType": "Fighting", "role": "Bulky Setup", "bvs": {"hp": 65, "atk": 80, "def": 140, "spa": 40, "spd": 70, "spe": 70}, "stats": {"hp": 235, "atk": 174, "def": 270, "spa": 110, "spd": 158, "spe": 158}, "types": ["Steel", "Flying"]}, "Skeledirge": {"name": "Skeledirge", "species": "Skeledirge", "speciesId": "skeledirge", "gender": "F", "shiny": false, "level": 79, "moves": ["flamecharge", "slackoff", "shadowball", "torchsong"], "ability": "Unaware", "evs": {"hp": 85, "atk": 85, "def": 85, "spa": 85, "spd": 85, "spe": 85}, "ivs": {"hp": 31, "atk": 31, "def": 31, "spa": 31, "spd": 31, "spe": 31}, "item": "Heavy-Duty Boots", "teraType": "Fairy", "role": "Bulky Attacker", "bvs": {"hp": 104, "atk": 75, "def": 100, "spa": 110, "spd": 75, "spe": 66}, "stats": {"hp": 294, "atk": 164, "def": 204, "spa": 219, "spd": 164, "spe": 150}, "types": ["Fire", "Ghost"]}, "Sceptile": {"name": "Sceptile", "species": "Sceptile", "speciesId": "sceptile", "gender": "M", "shiny": false, "level": 87, "moves": ["rockslide", "earthquake", "leafstorm", "shedtail"], "ability": "Overgrow", "evs": {"hp": 85, "atk": 85, "def": 85, "spa": 85, "spd": 85, "spe": 85}, "ivs": {"hp": 31, "atk": 31, "def": 31, "spa": 31, "spd": 31, "spe": 31}, "item": "Life Orb", "teraType": "Grass", "role": "Fast Attacker", "bvs": {"hp": 70, "atk": 85, "def": 65, "spa": 105, "spd": 85, "spe": 120}, "stats": {"hp": 264, "atk": 198, "def": 163, "spa": 232, "spd": 198, "spe": 259}, "types": ["Grass"]}, "Mightyena": {"name": "Mightyena", "species": "Mightyena", "speciesId": "mightyena", "gender": "F", "shiny": false, "level": 96, "moves": ["crunch", "poisonfang", "playrough", "suckerpunch"], "ability": "Intimidate", "evs": {"hp": 85, "atk": 85, "def": 85, "spa": 85, "spd": 85, "spe": 85}, "ivs": {"hp": 31, "atk": 31, "def": 31, "spa": 31, "spd": 31, "spe": 31}, "item": "Choice Band", "teraType": "Poison", "role": "Bulky Attacker", "bvs": {"hp": 70, "atk": 90, "def": 70, "spa": 60, "spd": 60, "spe": 70}, "stats": {"hp": 290, "atk": 227, "def": 189, "spa": 170, "spd": 170, "spe": 189}, "types": ["Dark"]}, "Cyclizar": {"name": "Cyclizar", "species": "Cyclizar", "speciesId": "cyclizar", "gender": "M", "shiny": false, "level": 83, "moves": ["dracometeor", "rapidspin", "knockoff", "shedtail"], "ability": "Regenerator", "evs": {"hp": 85, "atk": 85, "def": 85, "spa": 85, "spd": 85, "spe": 85}, "ivs": {"hp": 31, "atk": 31, "def": 31, "spa": 31, "spd": 31, "spe": 31}, "item": "Heavy-Duty Boots", "teraType": "Fairy", "role": "Fast Support", "bvs": {"hp": 70, "atk": 95, "def": 65, "spa": 85, "spd": 65, "spe": 121}, "stats": {"hp": 252, "atk": 205, "def": 156, "spa": 189, "spd": 156, "spe": 249}, "types": ["Dragon", "Normal"]}}]}