{"id": "gen9randombattle-2641415345", "format": "[Gen 9] Random Battle", "players": ["notmetbh102", "PaisleyPudge"], "log": "|badge|p1|bronze|gen9randombattle|100-9\n|html|<div class=\"broadcast-red\"><strong>This battle is required to be public due to one or more player having a season medal.</strong><br />During the public phase, you can discuss the state of the ladder <a href=\"/seasondiscussion\">in a special chatroom.</a></div>\n|uhtml|medal-msg|<div class=\"broadcast-blue\">Curious what those medals under the avatar are? PS now has Ladder Seasons! For more information, check out the <a href=\"https://www.smogon.com/forums/threads/3740067/\">thread on Smogon.</a></div>\n|raw|<div class=\"broadcast-blue\"><strong>This battle is required to be public due to a player having a name starting with 'medal'.</div>\n|j|\u2606notmetbh102\n|j|\u2606PaisleyPudge\n|t:|1782781350\n|gametype|singles\n|player|p1|notmetbh102|2|2299\n|player|p2|PaisleyPudge|skyla|2232\n|gen|9\n|tier|[Gen 9] Random Battle\n|rated|\n|rule|Species Clause: Limit one of each Pok\u00e9mon\n|rule|HP Percentage Mod: HP is shown in percentages\n|rule|Sleep Clause Mod: Limit one foe put to sleep\n|rule|Illusion Level Mod: Illusion disguises the Pok\u00e9mon's true level\n|\n|t:|1782781350\n|teamsize|p1|6\n|teamsize|p2|6\n|start\n|switch|p1a: Dipplin|Dipplin, L88, F|284/284\n|switch|p2a: Tauros|Tauros, L82, M|257/257\n|turn|1\n|inactive|Battle timer is ON: inactive players will automatically lose when time's up. (requested by notmetbh102)\n|c|\u2606notmetbh102|hf\n|\n|t:|1782781368\n|switch|p2a: Scream Tail|Scream Tail, L84|330/330\n|move|p1a: Dipplin|Giga Drain|p2a: Scream Tail\n|-damage|p2a: Scream Tail|261/330\n|\n|-heal|p2a: Scream Tail|281/330|[from] item: Leftovers\n|upkeep\n|turn|2\n|\n|t:|1782781374\n|-end|p2a: Scream Tail|Protosynthesis|[silent]\n|switch|p2a: Weezing|Weezing, L88, M|258/258\n|switch|p1a: Minior|Minior-Blue, L79|224/224\n|-formechange|p1a: Minior|Minior-Meteor||[from] ability: Shields Down\n|\n|upkeep\n|turn|3\n|inactive|PaisleyPudge has 120 seconds left.\n|inactive|PaisleyPudge has 90 seconds left.\n|\n|t:|1782781439\n|move|p2a: Weezing|Gunk Shot|p1a: Minior\n|-resisted|p1a: Minior\n|-damage|p1a: Minior|156/224\n|move|p1a: Minior|Shell Smash|p1a: Minior\n|-unboost|p1a: Minior|def|1\n|-unboost|p1a: Minior|spd|1\n|-boost|p1a: Minior|atk|2\n|-boost|p1a: Minior|spa|2\n|-boost|p1a: Minior|spe|2\n|-enditem|p1a: Minior|White Herb\n|-clearnegativeboost|p1a: Minior|[silent]\n|\n|upkeep\n|turn|4\n|\n|t:|1782781442\n|move|p1a: Minior|Acrobatics|p2a: Weezing\n|-damage|p2a: Weezing|143/258\n|move|p2a: Weezing|Gunk Shot|p1a: Minior\n|-resisted|p1a: Minior\n|-damage|p1a: Minior|96/224\n|\n|-heal|p2a: Weezing|159/258|[from] item: Leftovers\n|-formechange|p1a: Minior|Minior-Blue||[from] ability: Shields Down\n|upkeep\n|turn|5\n|\n|t:|1782781460\n|-terastallize|p2a: Weezing|Steel\n|move|p1a: Minior|Power Gem|p2a: Weezing\n|-resisted|p2a: Weezing\n|-damage|p2a: Weezing|65/258\n|move|p2a: Weezing|Will-O-Wisp|p1a: Minior\n|-status|p1a: Minior|brn\n|\n|-heal|p2a: Weezing|81/258|[from] item: Leftovers\n|-damage|p1a: Minior|82/224 brn|[from] brn\n|upkeep\n|turn|6\n|\n|t:|1782781471\n|switch|p2a: Scream Tail|Scream Tail, L84|281/330\n|move|p1a: Minior|Power Gem|p2a: Scream Tail\n|-damage|p2a: Scream Tail|163/330\n|\n|-heal|p2a: Scream Tail|183/330|[from] item: Leftovers\n|-damage|p1a: Minior|68/224 brn|[from] brn\n|upkeep\n|turn|7\n|\n|t:|1782781479\n|move|p1a: Minior|Power Gem|p2a: Scream Tail\n|-damage|p2a: Scream Tail|66/330\n|move|p2a: Scream Tail|Dazzling Gleam|p1a: Minior\n|-damage|p1a: Minior|0 fnt\n|faint|p1a: Minior\n|\n|-heal|p2a: Scream Tail|86/330|[from] item: Leftovers\n|upkeep\n|\n|t:|1782781479\n|switch|p1a: Lunala|Lunala, L70|308/308\n|turn|8\n|\n|t:|1782781482\n|move|p2a: Scream Tail|Protect|p2a: Scream Tail\n|-singleturn|p2a: Scream Tail|Protect\n|move|p1a: Lunala|Calm Mind|p1a: Lunala\n|-boost|p1a: Lunala|spa|1\n|-boost|p1a: Lunala|spd|1\n|\n|-heal|p2a: Scream Tail|106/330|[from] item: Leftovers\n|upkeep\n|turn|9\n|\n|t:|1782781484\n|move|p2a: Scream Tail|Encore|p1a: Lunala\n|-start|p1a: Lunala|Encore\n|move|p1a: Lunala|Calm Mind|p1a: Lunala\n|-boost|p1a: Lunala|spa|1\n|-boost|p1a: Lunala|spd|1\n|\n|-heal|p2a: Scream Tail|126/330|[from] item: Leftovers\n|upkeep\n|turn|10\n|\n|t:|1782781485\n|switch|p1a: Toxicroak|Toxicroak, L84, M|277/277\n|move|p2a: Scream Tail|Wish|p2a: Scream Tail\n|\n|-heal|p2a: Scream Tail|146/330|[from] item: Leftovers\n|upkeep\n|turn|11\n|\n|t:|1782781487\n|move|p2a: Scream Tail|Protect|p2a: Scream Tail\n|-singleturn|p2a: Scream Tail|Protect\n|move|p1a: Toxicroak|Gunk Shot|p2a: Scream Tail\n|-activate|p2a: Scream Tail|move: Protect\n|\n|-heal|p2a: Scream Tail|311/330|[from] move: Wish|[wisher] Scream Tail\n|-heal|p2a: Scream Tail|330/330|[from] item: Leftovers\n|upkeep\n|turn|12\n|\n|t:|1782781491\n|-end|p2a: Scream Tail|Protosynthesis|[silent]\n|switch|p2a: Gliscor|Gliscor, L76, M|239/239\n|move|p1a: Toxicroak|Gunk Shot|p2a: Gliscor\n|-resisted|p2a: Gliscor\n|-damage|p2a: Gliscor|169/239\n|-status|p2a: Gliscor|psn\n|-damage|p1a: Toxicroak|250/277|[from] item: Life Orb\n|\n|-heal|p2a: Gliscor|198/239 psn|[from] ability: Poison Heal\n|upkeep\n|turn|13\n|\n|t:|1782781495\n|switch|p1a: Lunala|Lunala, L70|308/308\n|move|p2a: Gliscor|Toxic|p1a: Lunala|[miss]\n|-miss|p2a: Gliscor|p1a: Lunala\n|\n|-heal|p2a: Gliscor|227/239 psn|[from] ability: Poison Heal\n|upkeep\n|turn|14\n|\n|t:|1782781499\n|move|p2a: Gliscor|Toxic|p1a: Lunala\n|-status|p1a: Lunala|tox\n|move|p1a: Lunala|Moongeist Beam|p2a: Gliscor\n|-damage|p2a: Gliscor|101/239 psn\n|\n|-heal|p2a: Gliscor|130/239 psn|[from] ability: Poison Heal\n|-damage|p1a: Lunala|289/308 tox|[from] psn\n|upkeep\n|turn|15\n|\n|t:|1782781503\n|switch|p1a: Palkia|Palkia-Origin, L72|249/249\n|-ability|p1a: Palkia|Pressure\n|move|p2a: Gliscor|Protect||[still]\n|-fail|p2a: Gliscor\n|\n|-heal|p2a: Gliscor|159/239 psn|[from] ability: Poison Heal\n|upkeep\n|turn|16\n|\n|t:|1782781504\n|move|p2a: Gliscor|Protect|p2a: Gliscor\n|-singleturn|p2a: Gliscor|Protect\n|move|p1a: Palkia|Hydro Pump|p2a: Gliscor\n|-activate|p2a: Gliscor|move: Protect\n|\n|-heal|p2a: Gliscor|188/239 psn|[from] ability: Poison Heal\n|upkeep\n|turn|17\n|\n|t:|1782781527\n|switch|p2a: Scream Tail|Scream Tail, L84|330/330\n|move|p1a: Palkia|Thunder Wave|p2a: Scream Tail\n|-status|p2a: Scream Tail|par\n|\n|upkeep\n|turn|18\n|\n|t:|1782781531\n|switch|p1a: Lunala|Lunala, L70|289/308 tox\n|cant|p2a: Scream Tail|par\n|\n|-heal|p1a: Lunala|308/308 tox|[from] item: Leftovers\n|-damage|p1a: Lunala|289/308 tox|[from] psn\n|upkeep\n|turn|19\n|\n|t:|1782781535\n|-end|p2a: Scream Tail|Protosynthesis|[silent]\n|switch|p2a: Tauros|Tauros, L82, M|257/257\n|move|p1a: Lunala|Moonblast|p2a: Tauros\n|-damage|p2a: Tauros|187/257\n|\n|-heal|p1a: Lunala|308/308 tox|[from] item: Leftovers\n|-damage|p1a: Lunala|270/308 tox|[from] psn\n|upkeep\n|turn|20\n|\n|t:|1782781537\n|switch|p1a: Dipplin|Dipplin, L88, F|284/284\n|move|p2a: Tauros|Throat Chop|p1a: Dipplin\n|-damage|p1a: Dipplin|229/284\n|\n|upkeep\n|turn|21\n|\n|t:|1782781542\n|switch|p1a: Lunala|Lunala, L70|270/308 tox\n|move|p2a: Tauros|Body Slam|p1a: Lunala\n|-immune|p1a: Lunala\n|\n|-heal|p1a: Lunala|289/308 tox|[from] item: Leftovers\n|-damage|p1a: Lunala|270/308 tox|[from] psn\n|upkeep\n|turn|22\n|\n|t:|1782781544\n|switch|p1a: Dipplin|Dipplin, L88, F|229/284\n|move|p2a: Tauros|Throat Chop|p1a: Dipplin\n|-damage|p1a: Dipplin|182/284\n|\n|upkeep\n|turn|23\n|\n|t:|1782781547\n|switch|p2a: Weezing|Weezing, L88, M, tera:Steel|81/258\n|switch|p1a: Palkia|Palkia-Origin, L72|249/249\n|-ability|p1a: Palkia|Pressure\n|\n|-heal|p2a: Weezing|97/258|[from] item: Leftovers\n|upkeep\n|turn|24\n|\n|t:|1782781550\n|switch|p2a: Scream Tail|Scream Tail, L84|330/330 par\n|move|p1a: Palkia|Hydro Pump|p2a: Scream Tail\n|-damage|p2a: Scream Tail|203/330 par\n|\n|-heal|p2a: Scream Tail|223/330 par|[from] item: Leftovers\n|upkeep\n|turn|25\n|\n|t:|1782781564\n|move|p1a: Palkia|Hydro Pump|p2a: Scream Tail\n|-damage|p2a: Scream Tail|114/330 par\n|move|p2a: Scream Tail|Wish|p2a: Scream Tail\n|\n|-heal|p2a: Scream Tail|134/330 par|[from] item: Leftovers\n|upkeep\n|turn|26\n|\n|t:|1782781570\n|switch|p1a: Sunflora|Sunflora, M|312/312\n|move|p2a: Scream Tail|Dazzling Gleam|p1a: Sunflora\n|-damage|p1a: Sunflora|260/312\n|\n|-heal|p2a: Scream Tail|299/330 par|[from] move: Wish|[wisher] Scream Tail\n|-heal|p2a: Scream Tail|319/330 par|[from] item: Leftovers\n|upkeep\n|turn|27\n|\n|t:|1782781575\n|-end|p2a: Scream Tail|Protosynthesis|[silent]\n|switch|p2a: Weezing|Weezing, L88, M, tera:Steel|97/258\n|move|p1a: Sunflora|Sunny Day|p1a: Sunflora\n|-weather|SunnyDay\n|\n|-weather|SunnyDay|[upkeep]\n|-heal|p2a: Weezing|113/258|[from] item: Leftovers\n|upkeep\n|turn|28\n|\n|t:|1782781578\n|switch|p2a: Scream Tail|Scream Tail, L84|319/330 par\n|-activate|p2a: Scream Tail|ability: Protosynthesis\n|-start|p2a: Scream Tail|protosynthesisspd\n|move|p1a: Sunflora|Solar Beam||[still]\n|-prepare|p1a: Sunflora|Solar Beam\n|-anim|p1a: Sunflora|Solar Beam|p2a: Scream Tail\n|-damage|p2a: Scream Tail|154/330 par\n|-damage|p1a: Sunflora|229/312|[from] item: Life Orb\n|\n|-weather|SunnyDay|[upkeep]\n|-heal|p2a: Scream Tail|174/330 par|[from] item: Leftovers\n|upkeep\n|turn|29\n|\n|t:|1782781582\n|move|p2a: Scream Tail|Protect|p2a: Scream Tail\n|-singleturn|p2a: Scream Tail|Protect\n|move|p1a: Sunflora|Weather Ball|p2a: Scream Tail\n|-activate|p2a: Scream Tail|move: Protect\n|\n|-weather|SunnyDay|[upkeep]\n|-heal|p2a: Scream Tail|194/330 par|[from] item: Leftovers\n|upkeep\n|turn|30\n|\n|t:|1782781587\n|move|p1a: Sunflora|Solar Beam||[still]\n|-prepare|p1a: Sunflora|Solar Beam\n|-anim|p1a: Sunflora|Solar Beam|p2a: Scream Tail\n|-damage|p2a: Scream Tail|52/330 par\n|-damage|p1a: Sunflora|198/312|[from] item: Life Orb\n|move|p2a: Scream Tail|Wish|p2a: Scream Tail\n|\n|-weather|SunnyDay|[upkeep]\n|-heal|p2a: Scream Tail|72/330 par|[from] item: Leftovers\n|upkeep\n|turn|31\n|\n|t:|1782781590\n|move|p2a: Scream Tail|Protect|p2a: Scream Tail\n|-singleturn|p2a: Scream Tail|Protect\n|move|p1a: Sunflora|Weather Ball|p2a: Scream Tail\n|-activate|p2a: Scream Tail|move: Protect\n|\n|-weather|none\n|-end|p2a: Scream Tail|Protosynthesis\n|-heal|p2a: Scream Tail|237/330 par|[from] move: Wish|[wisher] Scream Tail\n|-heal|p2a: Scream Tail|257/330 par|[from] item: Leftovers\n|upkeep\n|turn|32\n|\n|t:|1782781606\n|cant|p2a: Scream Tail|par\n|move|p1a: Sunflora|Sunny Day|p1a: Sunflora\n|-weather|SunnyDay\n|-activate|p2a: Scream Tail|ability: Protosynthesis\n|-start|p2a: Scream Tail|protosynthesisspd\n|\n|-weather|SunnyDay|[upkeep]\n|-heal|p2a: Scream Tail|277/330 par|[from] item: Leftovers\n|upkeep\n|turn|33\n|\n|t:|1782781611\n|move|p1a: Sunflora|Solar Beam||[still]\n|-prepare|p1a: Sunflora|Solar Beam\n|-anim|p1a: Sunflora|Solar Beam|p2a: Scream Tail\n|-damage|p2a: Scream Tail|112/330 par\n|-damage|p1a: Sunflora|167/312|[from] item: Life Orb\n|move|p2a: Scream Tail|Wish|p2a: Scream Tail\n|\n|-weather|SunnyDay|[upkeep]\n|-heal|p2a: Scream Tail|132/330 par|[from] item: Leftovers\n|upkeep\n|turn|34\n|\n|t:|1782781616\n|move|p2a: Scream Tail|Protect|p2a: Scream Tail\n|-singleturn|p2a: Scream Tail|Protect\n|move|p1a: Sunflora|Solar Beam||[still]\n|-prepare|p1a: Sunflora|Solar Beam\n|-anim|p1a: Sunflora|Solar Beam|p2a: Scream Tail\n|-activate|p2a: Scream Tail|move: Protect\n|\n|-weather|SunnyDay|[upkeep]\n|-heal|p2a: Scream Tail|297/330 par|[from] move: Wish|[wisher] Scream Tail\n|-heal|p2a: Scream Tail|317/330 par|[from] item: Leftovers\n|upkeep\n|turn|35\n|\n|t:|1782781621\n|move|p1a: Sunflora|Solar Beam||[still]\n|-prepare|p1a: Sunflora|Solar Beam\n|-anim|p1a: Sunflora|Solar Beam|p2a: Scream Tail\n|-damage|p2a: Scream Tail|165/330 par\n|-damage|p1a: Sunflora|136/312|[from] item: Life Orb\n|move|p2a: Scream Tail|Wish|p2a: Scream Tail\n|\n|-weather|SunnyDay|[upkeep]\n|-heal|p2a: Scream Tail|185/330 par|[from] item: Leftovers\n|upkeep\n|turn|36\n|\n|t:|1782781625\n|-end|p2a: Scream Tail|Protosynthesis|[silent]\n|switch|p2a: Dodrio|Dodrio, L85, M|241/241\n|move|p1a: Sunflora|Solar Beam||[still]\n|-prepare|p1a: Sunflora|Solar Beam\n|-anim|p1a: Sunflora|Solar Beam|p2a: Dodrio\n|-resisted|p2a: Dodrio\n|-damage|p2a: Dodrio|92/241\n|-damage|p1a: Sunflora|105/312|[from] item: Life Orb\n|\n|-weather|none\n|-heal|p2a: Dodrio|241/241|[from] move: Wish|[wisher] Scream Tail\n|upkeep\n|turn|37\n|\n|t:|1782781628\n|switch|p1a: Dipplin|Dipplin, L88, F|182/284\n|move|p2a: Dodrio|Knock Off|p1a: Dipplin\n|-damage|p1a: Dipplin|116/284\n|-activate|p1a: Dipplin|ability: Sticky Hold\n|\n|upkeep\n|turn|38\n|\n|t:|1782781632\n|switch|p2a: Weezing|Weezing, L88, M, tera:Steel|113/258\n|move|p1a: Dipplin|Recover|p1a: Dipplin\n|-heal|p1a: Dipplin|258/284\n|\n|-heal|p2a: Weezing|129/258|[from] item: Leftovers\n|upkeep\n|turn|39\n|\n|t:|1782781635\n|switch|p1a: Palkia|Palkia-Origin, L72|249/249\n|-ability|p1a: Palkia|Pressure\n|move|p2a: Weezing|Pain Split|p1a: Palkia\n|-sethp|p1a: Palkia|189/249|[from] move: Pain Split|[silent]\n|-sethp|p2a: Weezing|189/258|[from] move: Pain Split\n|\n|-heal|p2a: Weezing|205/258|[from] item: Leftovers\n|upkeep\n|turn|40\n|\n|t:|1782781653\n|move|p1a: Palkia|Hydro Pump|p2a: Weezing|[miss]\n|-miss|p1a: Palkia|p2a: Weezing\n|move|p2a: Weezing|Gunk Shot|p1a: Palkia|[miss]\n|-miss|p2a: Weezing|p1a: Palkia\n|\n|-heal|p2a: Weezing|221/258|[from] item: Leftovers\n|upkeep\n|turn|41\n|\n|t:|1782781662\n|move|p1a: Palkia|Hydro Pump|p2a: Weezing\n|-damage|p2a: Weezing|56/258\n|move|p2a: Weezing|Gunk Shot|p1a: Palkia\n|-crit|p1a: Palkia\n|-damage|p1a: Palkia|0 fnt\n|faint|p1a: Palkia\n|\n|-heal|p2a: Weezing|72/258|[from] item: Leftovers\n|upkeep\n|\n|t:|1782781663\n|switch|p1a: Lunala|Lunala, L70|270/308 tox\n|turn|42\n|\n|t:|1782781669\n|switch|p2a: Scream Tail|Scream Tail, L84|185/330 par\n|move|p1a: Lunala|Moonblast|p2a: Scream Tail\n|-damage|p2a: Scream Tail|134/330 par\n|\n|-heal|p1a: Lunala|289/308 tox|[from] item: Leftovers\n|-heal|p2a: Scream Tail|154/330 par|[from] item: Leftovers\n|-damage|p1a: Lunala|270/308 tox|[from] psn\n|upkeep\n|turn|43\n|\n|t:|1782781680\n|switch|p1a: Dipplin|Dipplin, L88, F|258/284\n|move|p2a: Scream Tail|Dazzling Gleam|p1a: Dipplin\n|-supereffective|p1a: Dipplin\n|-damage|p1a: Dipplin|168/284\n|\n|-heal|p2a: Scream Tail|174/330 par|[from] item: Leftovers\n|upkeep\n|turn|44\n|\n|t:|1782781684\n|move|p1a: Dipplin|Giga Drain|p2a: Scream Tail\n|-damage|p2a: Scream Tail|108/330 par\n|-heal|p1a: Dipplin|201/284|[from] drain|[of] p2a: Scream Tail\n|move|p2a: Scream Tail|Dazzling Gleam|p1a: Dipplin\n|-supereffective|p1a: Dipplin\n|-damage|p1a: Dipplin|109/284\n|\n|-heal|p2a: Scream Tail|128/330 par|[from] item: Leftovers\n|upkeep\n|turn|45\n|\n|t:|1782781688\n|move|p1a: Dipplin|Giga Drain|p2a: Scream Tail\n|-damage|p2a: Scream Tail|52/330 par\n|-heal|p1a: Dipplin|147/284|[from] drain|[of] p2a: Scream Tail\n|move|p2a: Scream Tail|Encore|p1a: Dipplin\n|-start|p1a: Dipplin|Encore\n|\n|-heal|p2a: Scream Tail|72/330 par|[from] item: Leftovers\n|upkeep\n|turn|46\n|\n|t:|1782781692\n|switch|p1a: Toxicroak|Toxicroak, L84, M|250/277\n|-end|p2a: Scream Tail|Protosynthesis|[silent]\n|switch|p2a: Dodrio|Dodrio, L85, M|241/241\n|\n|upkeep\n|turn|47\n|\n|t:|1782781694\n|switch|p1a: Sunflora|Sunflora, M|105/312\n|move|p2a: Dodrio|Brave Bird|p1a: Sunflora\n|-supereffective|p1a: Sunflora\n|-damage|p1a: Sunflora|0 fnt\n|faint|p1a: Sunflora\n|-damage|p2a: Dodrio|206/241|[from] Recoil\n|\n|upkeep\n|\n|t:|1782781694\n|switch|p1a: Dipplin|Dipplin, L88, F|147/284\n|turn|48\n|\n|t:|1782781697\n|-terastallize|p1a: Dipplin|Steel\n|move|p2a: Dodrio|Brave Bird|p1a: Dipplin\n|-resisted|p1a: Dipplin\n|-damage|p1a: Dipplin|92/284\n|-damage|p2a: Dodrio|188/241|[from] Recoil\n|move|p1a: Dipplin|Dragon Pulse|p2a: Dodrio\n|-damage|p2a: Dodrio|68/241\n|\n|upkeep\n|turn|49\n|\n|t:|1782781703\n|move|p2a: Dodrio|Brave Bird|p1a: Dipplin\n|-resisted|p1a: Dipplin\n|-damage|p1a: Dipplin|29/284\n|-damage|p2a: Dodrio|47/241|[from] Recoil\n|move|p1a: Dipplin|Giga Drain|p2a: Dodrio\n|-resisted|p2a: Dodrio\n|-damage|p2a: Dodrio|0 fnt\n|-heal|p1a: Dipplin|53/284|[from] drain|[of] p2a: Dodrio\n|faint|p2a: Dodrio\n|\n|upkeep\n|\n|t:|1782781704\n|switch|p2a: Gliscor|Gliscor, L76, M|188/239 psn\n|turn|50\n|\n|t:|1782781706\n|switch|p1a: Lunala|Lunala, L70|270/308 tox\n|move|p2a: Gliscor|Earthquake|p1a: Lunala\n|-damage|p1a: Lunala|165/308 tox\n|\n|-heal|p1a: Lunala|184/308 tox|[from] item: Leftovers\n|-heal|p2a: Gliscor|217/239 psn|[from] ability: Poison Heal\n|-damage|p1a: Lunala|165/308 tox|[from] psn\n|upkeep\n|turn|51\n|\n|t:|1782781710\n|move|p2a: Gliscor|Substitute|p2a: Gliscor\n|-start|p2a: Gliscor|Substitute\n|-damage|p2a: Gliscor|158/239 psn\n|move|p1a: Lunala|Moonlight|p1a: Lunala\n|-heal|p1a: Lunala|308/308 tox\n|\n|-heal|p2a: Gliscor|187/239 psn|[from] ability: Poison Heal\n|-damage|p1a: Lunala|270/308 tox|[from] psn\n|upkeep\n|turn|52\n|\n|t:|1782781724\n|move|p2a: Gliscor|Protect|p2a: Gliscor\n|-singleturn|p2a: Gliscor|Protect\n|move|p1a: Lunala|Moonlight|p1a: Lunala\n|-heal|p1a: Lunala|308/308 tox\n|\n|-heal|p2a: Gliscor|216/239 psn|[from] ability: Poison Heal\n|-damage|p1a: Lunala|251/308 tox|[from] psn\n|upkeep\n|turn|53\n|\n|t:|1782781726\n|move|p2a: Gliscor|Earthquake|p1a: Lunala\n|-damage|p1a: Lunala|148/308 tox\n|move|p1a: Lunala|Moonlight|p1a: Lunala\n|-heal|p1a: Lunala|302/308 tox\n|\n|-heal|p1a: Lunala|308/308 tox|[from] item: Leftovers\n|-heal|p2a: Gliscor|239/239 psn|[from] ability: Poison Heal\n|-damage|p1a: Lunala|232/308 tox|[from] psn\n|upkeep\n|turn|54\n|\n|t:|1782781729\n|move|p2a: Gliscor|Protect|p2a: Gliscor\n|-singleturn|p2a: Gliscor|Protect\n|move|p1a: Lunala|Moonlight|p1a: Lunala\n|-heal|p1a: Lunala|308/308 tox\n|\n|-damage|p1a: Lunala|213/308 tox|[from] psn\n|upkeep\n|turn|55\n|\n|t:|1782781735\n|switch|p1a: Dipplin|Dipplin, L88, F, tera:Steel|53/284\n|move|p2a: Gliscor|Earthquake|p1a: Dipplin\n|-supereffective|p1a: Dipplin\n|-crit|p1a: Dipplin\n|-damage|p1a: Dipplin|0 fnt\n|faint|p1a: Dipplin\n|\n|upkeep\n|\n|t:|1782781735\n|switch|p1a: Lunala|Lunala, L70|213/308 tox\n|turn|56\n|\n|t:|1782781737\n|move|p2a: Gliscor|Earthquake|p1a: Lunala\n|-damage|p1a: Lunala|108/308 tox\n|move|p1a: Lunala|Moonlight|p1a: Lunala\n|-heal|p1a: Lunala|262/308 tox\n|\n|-heal|p1a: Lunala|281/308 tox|[from] item: Leftovers\n|-damage|p1a: Lunala|262/308 tox|[from] psn\n|upkeep\n|turn|57\n|\n|t:|1782781739\n|move|p2a: Gliscor|Earthquake|p1a: Lunala\n|-damage|p1a: Lunala|168/308 tox\n|move|p1a: Lunala|Moonblast|p2a: Gliscor\n|-end|p2a: Gliscor|Substitute\n|\n|-heal|p1a: Lunala|187/308 tox|[from] item: Leftovers\n|-damage|p1a: Lunala|149/308 tox|[from] psn\n|upkeep\n|turn|58\n|\n|t:|1782781741\n|move|p2a: Gliscor|Earthquake|p1a: Lunala\n|-damage|p1a: Lunala|52/308 tox\n|move|p1a: Lunala|Moonlight|p1a: Lunala\n|-heal|p1a: Lunala|206/308 tox\n|\n|-heal|p1a: Lunala|225/308 tox|[from] item: Leftovers\n|-damage|p1a: Lunala|168/308 tox|[from] psn\n|upkeep\n|turn|59\n|\n|t:|1782781743\n|move|p2a: Gliscor|Earthquake|p1a: Lunala\n|-damage|p1a: Lunala|60/308 tox\n|move|p1a: Lunala|Moonlight|p1a: Lunala\n|-heal|p1a: Lunala|214/308 tox\n|\n|-heal|p1a: Lunala|233/308 tox|[from] item: Leftovers\n|-damage|p1a: Lunala|157/308 tox|[from] psn\n|upkeep\n|turn|60\n|\n|t:|1782781745\n|move|p2a: Gliscor|Earthquake|p1a: Lunala\n|-damage|p1a: Lunala|55/308 tox\n|move|p1a: Lunala|Moonlight|p1a: Lunala\n|-heal|p1a: Lunala|209/308 tox\n|\n|-heal|p1a: Lunala|228/308 tox|[from] item: Leftovers\n|-damage|p1a: Lunala|133/308 tox|[from] psn\n|upkeep\n|turn|61\n|\n|t:|1782781747\n|switch|p1a: Toxicroak|Toxicroak, L84, M|250/277\n|move|p2a: Gliscor|Protect||[still]\n|-fail|p2a: Gliscor\n|\n|upkeep\n|turn|62\n|\n|t:|1782781749\n|switch|p1a: Lunala|Lunala, L70|133/308 tox\n|move|p2a: Gliscor|Earthquake|p1a: Lunala\n|-damage|p1a: Lunala|36/308 tox\n|\n|-heal|p1a: Lunala|55/308 tox|[from] item: Leftovers\n|-damage|p1a: Lunala|36/308 tox|[from] psn\n|upkeep\n|turn|63\n|\n|t:|1782781752\n|move|p2a: Gliscor|Protect|p2a: Gliscor\n|-singleturn|p2a: Gliscor|Protect\n|move|p1a: Lunala|Moonblast|p2a: Gliscor\n|-activate|p2a: Gliscor|move: Protect\n|\n|-heal|p1a: Lunala|55/308 tox|[from] item: Leftovers\n|-damage|p1a: Lunala|17/308 tox|[from] psn\n|upkeep\n|turn|64\n|\n|t:|1782781753\n|move|p2a: Gliscor|Protect|p2a: Gliscor\n|-singleturn|p2a: Gliscor|Protect\n|move|p1a: Lunala|Calm Mind|p1a: Lunala\n|-boost|p1a: Lunala|spa|1\n|-boost|p1a: Lunala|spd|1\n|\n|-heal|p1a: Lunala|36/308 tox|[from] item: Leftovers\n|-damage|p1a: Lunala|0 fnt|[from] psn\n|faint|p1a: Lunala\n|upkeep\n|\n|t:|1782781754\n|switch|p1a: Toxicroak|Toxicroak, L84, M|250/277\n|turn|65\n|\n|t:|1782781755\n|move|p1a: Toxicroak|Gunk Shot|p2a: Gliscor\n|-resisted|p2a: Gliscor\n|-damage|p2a: Gliscor|165/239 psn\n|-damage|p1a: Toxicroak|223/277|[from] item: Life Orb\n|move|p2a: Gliscor|Substitute|p2a: Gliscor\n|-start|p2a: Gliscor|Substitute\n|-damage|p2a: Gliscor|106/239 psn\n|\n|-heal|p2a: Gliscor|135/239 psn|[from] ability: Poison Heal\n|upkeep\n|turn|66\n|\n|t:|1782781757\n|move|p1a: Toxicroak|Swords Dance|p1a: Toxicroak\n|-boost|p1a: Toxicroak|atk|2\n|move|p2a: Gliscor|Earthquake|p1a: Toxicroak\n|-supereffective|p1a: Toxicroak\n|-damage|p1a: Toxicroak|19/277\n|\n|-heal|p2a: Gliscor|164/239 psn|[from] ability: Poison Heal\n|upkeep\n|turn|67\n|\n|t:|1782781760\n|move|p2a: Gliscor|Protect|p2a: Gliscor\n|-singleturn|p2a: Gliscor|Protect\n|move|p1a: Toxicroak|Swords Dance|p1a: Toxicroak\n|-boost|p1a: Toxicroak|atk|2\n|\n|-heal|p2a: Gliscor|193/239 psn|[from] ability: Poison Heal\n|upkeep\n|turn|68\n|\n|t:|1782781777\n|move|p2a: Gliscor|Protect||[still]\n|-fail|p2a: Gliscor\n|move|p1a: Toxicroak|Swords Dance|p1a: Toxicroak\n|-boost|p1a: Toxicroak|atk|2\n|\n|-heal|p2a: Gliscor|222/239 psn|[from] ability: Poison Heal\n|upkeep\n|turn|69\n|\n|t:|1782781781\n|move|p2a: Gliscor|Protect|p2a: Gliscor\n|-singleturn|p2a: Gliscor|Protect\n|move|p1a: Toxicroak|Swords Dance|p1a: Toxicroak\n|-boost|p1a: Toxicroak|atk|0\n|\n|-heal|p2a: Gliscor|239/239 psn|[from] ability: Poison Heal\n|upkeep\n|turn|70\n|inactive|PaisleyPudge has 120 seconds left.\n|\n|t:|1782781814\n|move|p2a: Gliscor|Protect||[still]\n|-fail|p2a: Gliscor\n|move|p1a: Toxicroak|Swords Dance|p1a: Toxicroak\n|-boost|p1a: Toxicroak|atk|0\n|\n|upkeep\n|turn|71\n|\n|t:|1782781818\n|move|p2a: Gliscor|Protect|p2a: Gliscor\n|-singleturn|p2a: Gliscor|Protect\n|move|p1a: Toxicroak|Swords Dance|p1a: Toxicroak\n|-boost|p1a: Toxicroak|atk|0\n|\n|upkeep\n|turn|72\n|c|\u2606PaisleyPudge|you think you're wasting my time but I dislike you more than you dislike me\n|inactive|PaisleyPudge has 120 seconds left.\n|c|\u2606PaisleyPudge|this is positive expected value\n|\n|t:|1782781860\n|move|p2a: Gliscor|Protect||[still]\n|-fail|p2a: Gliscor\n|move|p1a: Toxicroak|Swords Dance|p1a: Toxicroak\n|-boost|p1a: Toxicroak|atk|0\n|\n|upkeep\n|turn|73\n|\n|t:|1782781864\n|move|p2a: Gliscor|Protect|p2a: Gliscor\n|-singleturn|p2a: Gliscor|Protect\n|move|p1a: Toxicroak|Swords Dance|p1a: Toxicroak\n|-boost|p1a: Toxicroak|atk|0\n|\n|upkeep\n|turn|74\n|\n|t:|1782781866\n|move|p2a: Gliscor|Protect|p2a: Gliscor\n|-singleturn|p2a: Gliscor|Protect\n|move|p1a: Toxicroak|Swords Dance|p1a: Toxicroak\n|-boost|p1a: Toxicroak|atk|0\n|\n|upkeep\n|turn|75\n|\n|t:|1782781869\n|move|p2a: Gliscor|Protect||[still]\n|-fail|p2a: Gliscor\n|move|p1a: Toxicroak|Swords Dance|p1a: Toxicroak\n|-boost|p1a: Toxicroak|atk|0\n|\n|upkeep\n|turn|76\n|\n|t:|1782781871\n|move|p1a: Toxicroak|Swords Dance|p1a: Toxicroak\n|-boost|p1a: Toxicroak|atk|0\n|move|p2a: Gliscor|Substitute|p2a: Gliscor\n|-fail|p2a: Gliscor|move: Substitute\n|\n|upkeep\n|turn|77\n|\n|t:|1782781873\n|move|p1a: Toxicroak|Swords Dance|p1a: Toxicroak\n|-boost|p1a: Toxicroak|atk|0\n|move|p2a: Gliscor|Substitute|p2a: Gliscor\n|-fail|p2a: Gliscor|move: Substitute\n|\n|upkeep\n|turn|78\n|\n|t:|1782781879\n|move|p1a: Toxicroak|Swords Dance|p1a: Toxicroak\n|-boost|p1a: Toxicroak|atk|0\n|move|p2a: Gliscor|Substitute|p2a: Gliscor\n|-fail|p2a: Gliscor|move: Substitute\n|\n|upkeep\n|turn|79\n|\n|t:|1782781880\n|move|p1a: Toxicroak|Swords Dance|p1a: Toxicroak\n|-boost|p1a: Toxicroak|atk|0\n|move|p2a: Gliscor|Substitute|p2a: Gliscor\n|-fail|p2a: Gliscor|move: Substitute\n|\n|upkeep\n|turn|80\n|\n|t:|1782781881\n|move|p1a: Toxicroak|Swords Dance|p1a: Toxicroak\n|-boost|p1a: Toxicroak|atk|0\n|move|p2a: Gliscor|Substitute|p2a: Gliscor\n|-fail|p2a: Gliscor|move: Substitute\n|\n|upkeep\n|turn|81\n|\n|t:|1782781882\n|move|p1a: Toxicroak|Swords Dance|p1a: Toxicroak\n|-boost|p1a: Toxicroak|atk|0\n|move|p2a: Gliscor|Substitute|p2a: Gliscor\n|-fail|p2a: Gliscor|move: Substitute\n|\n|upkeep\n|turn|82\n|\n|t:|1782781883\n|move|p1a: Toxicroak|Swords Dance|p1a: Toxicroak\n|-boost|p1a: Toxicroak|atk|0\n|move|p2a: Gliscor|Substitute|p2a: Gliscor\n|-fail|p2a: Gliscor|move: Substitute\n|\n|upkeep\n|turn|83\n|\n|t:|1782781884\n|move|p1a: Toxicroak|Swords Dance|p1a: Toxicroak\n|-boost|p1a: Toxicroak|atk|0\n|move|p2a: Gliscor|Substitute|p2a: Gliscor\n|-fail|p2a: Gliscor|move: Substitute\n|\n|upkeep\n|turn|84\n|\n|t:|1782781885\n|move|p1a: Toxicroak|Swords Dance|p1a: Toxicroak\n|-boost|p1a: Toxicroak|atk|0\n|move|p2a: Gliscor|Substitute|p2a: Gliscor\n|-fail|p2a: Gliscor|move: Substitute\n|\n|upkeep\n|turn|85\n|\n|t:|1782781886\n|move|p1a: Toxicroak|Swords Dance|p1a: Toxicroak\n|-boost|p1a: Toxicroak|atk|0\n|move|p2a: Gliscor|Substitute|p2a: Gliscor\n|-fail|p2a: Gliscor|move: Substitute\n|\n|upkeep\n|turn|86\n|\n|t:|1782781888\n|move|p1a: Toxicroak|Swords Dance|p1a: Toxicroak\n|-boost|p1a: Toxicroak|atk|0\n|move|p2a: Gliscor|Substitute|p2a: Gliscor\n|-fail|p2a: Gliscor|move: Substitute\n|\n|upkeep\n|turn|87\n|\n|t:|1782781889\n|move|p1a: Toxicroak|Swords Dance|p1a: Toxicroak\n|-boost|p1a: Toxicroak|atk|0\n|move|p2a: Gliscor|Substitute|p2a: Gliscor\n|-fail|p2a: Gliscor|move: Substitute\n|\n|upkeep\n|turn|88\n|\n|t:|1782781891\n|move|p1a: Toxicroak|Swords Dance|p1a: Toxicroak\n|-boost|p1a: Toxicroak|atk|0\n|move|p2a: Gliscor|Substitute|p2a: Gliscor\n|-fail|p2a: Gliscor|move: Substitute\n|\n|upkeep\n|turn|89\n|\n|t:|1782781894\n|move|p1a: Toxicroak|Swords Dance|p1a: Toxicroak\n|-boost|p1a: Toxicroak|atk|0\n|move|p2a: Gliscor|Substitute|p2a: Gliscor\n|-fail|p2a: Gliscor|move: Substitute\n|\n|upkeep\n|turn|90\n|\n|t:|1782781896\n|move|p1a: Toxicroak|Swords Dance|p1a: Toxicroak\n|-boost|p1a: Toxicroak|atk|0\n|move|p2a: Gliscor|Toxic|p1a: Toxicroak\n|-immune|p1a: Toxicroak\n|\n|upkeep\n|turn|91\n|\n|t:|1782781897\n|move|p1a: Toxicroak|Swords Dance|p1a: Toxicroak\n|-boost|p1a: Toxicroak|atk|0\n|move|p2a: Gliscor|Toxic|p1a: Toxicroak\n|-immune|p1a: Toxicroak\n|\n|upkeep\n|turn|92\n|\n|t:|1782781898\n|move|p1a: Toxicroak|Swords Dance|p1a: Toxicroak\n|-boost|p1a: Toxicroak|atk|0\n|move|p2a: Gliscor|Toxic|p1a: Toxicroak\n|-immune|p1a: Toxicroak\n|\n|upkeep\n|turn|93\n|\n|t:|1782781899\n|move|p1a: Toxicroak|Swords Dance|p1a: Toxicroak\n|-boost|p1a: Toxicroak|atk|0\n|move|p2a: Gliscor|Toxic|p1a: Toxicroak\n|-immune|p1a: Toxicroak\n|\n|upkeep\n|turn|94\n|\n|t:|1782781920\n|move|p1a: Toxicroak|Swords Dance|p1a: Toxicroak\n|-boost|p1a: Toxicroak|atk|0\n|move|p2a: Gliscor|Toxic|p1a: Toxicroak\n|-immune|p1a: Toxicroak\n|\n|upkeep\n|turn|95\n|\n|t:|1782781922\n|move|p1a: Toxicroak|Swords Dance|p1a: Toxicroak\n|-boost|p1a: Toxicroak|atk|0\n|move|p2a: Gliscor|Toxic|p1a: Toxicroak\n|-immune|p1a: Toxicroak\n|\n|upkeep\n|turn|96\n|\n|t:|1782781942\n|move|p1a: Toxicroak|Swords Dance|p1a: Toxicroak\n|-boost|p1a: Toxicroak|atk|0\n|move|p2a: Gliscor|Toxic|p1a: Toxicroak\n|-immune|p1a: Toxicroak\n|\n|upkeep\n|turn|97\n|\n|t:|1782781944\n|move|p1a: Toxicroak|Swords Dance|p1a: Toxicroak\n|-boost|p1a: Toxicroak|atk|0\n|move|p2a: Gliscor|Toxic|p1a: Toxicroak\n|-immune|p1a: Toxicroak\n|\n|upkeep\n|turn|98\n|c|\u2606PaisleyPudge|there we go\n|c|\u2606PaisleyPudge|bg\n|\n|t:|1782781952\n|switch|p2a: Scream Tail|Scream Tail, L84|72/330 par\n|move|p1a: Toxicroak|Gunk Shot|p2a: Scream Tail\n|-supereffective|p2a: Scream Tail\n|-damage|p2a: Scream Tail|0 fnt\n|faint|p2a: Scream Tail\n|-end|p2a: Scream Tail|Protosynthesis|[silent]\n|-damage|p1a: Toxicroak|0 fnt|[from] item: Life Orb\n|faint|p1a: Toxicroak\n|\n|win|PaisleyPudge\n|raw|notmetbh102's rating: 2299 &rarr; <strong>2275</strong><br />(-24 for losing)\n|raw|PaisleyPudge's rating: 2232 &rarr; <strong>2256</strong><br />(+24 for winning)\n|c|\u2606notmetbh102|gg\n", "inputlog": ">version f8ac14003a5f27e1bdc8d8c59608a773c1cb96e5\n>start {\"formatid\":\"gen9randombattle\",\"seed\":\"sodium,183adea93a6dd06b0bdcf04bbaaaac7e\",\"rated\":\"Rated battle\"}\n>player p1 {\"name\":\"notmetbh102\",\"avatar\":\"2\",\"rating\":2299,\"seed\":\"sodium,6226b36a5cd7c8480dca259a121cee5e\"}\n>player p2 {\"name\":\"PaisleyPudge\",\"avatar\":\"skyla\",\"rating\":2232,\"seed\":\"sodium,8c02b0f3712e8a44273937db3120b5ec\"}\n>chat \u2606notmetbh102|hf\n>p1 move gigadrain\n>p2 switch 4\n>p1 switch 2\n>p2 switch 3\n>p1 move shellsmash\n>p2 move gunkshot\n>p1 move acrobatics\n>p2 move gunkshot\n>p1 move powergem\n>p2 move willowisp terastallize\n>p1 move powergem\n>p2 switch 3\n>p1 move powergem\n>p2 move dazzlinggleam\n>p1 switch 6\n>p1 move calmmind\n>p2 move protect\n>p1 move moongeistbeam\n>p2 move encore\n>p1 switch 5\n>p2 move wish\n>p1 move gunkshot\n>p2 move protect\n>p1 move gunkshot\n>p2 switch 5\n>p1 switch 5\n>p2 move toxic\n>p1 move moongeistbeam\n>p2 move toxic\n>p1 switch 3\n>p2 move protect\n>p1 move hydropump\n>p2 move protect\n>p1 move thunderwave\n>p2 switch 5\n>p1 switch 3\n>p2 move dazzlinggleam\n>p1 move moonblast\n>p2 switch 4\n>p1 switch 2\n>p2 move throatchop\n>p1 switch 2\n>p2 move bodyslam\n>p1 switch 2\n>p2 move throatchop\n>p1 switch 3\n>p2 switch 3\n>p1 move hydropump\n>p2 switch 4\n>p1 move hydropump\n>p2 move wish\n>p1 switch 4\n>p2 move dazzlinggleam\n>p1 move sunnyday\n>p2 switch 4\n>p1 move solarbeam\n>p2 switch 4\n>p1 move weatherball\n>p2 move protect\n>p1 move solarbeam\n>p2 move wish\n>p1 move weatherball\n>p2 move protect\n>p1 move sunnyday\n>p2 move encore\n>p1 move solarbeam\n>p2 move wish\n>p1 move solarbeam\n>p2 move protect\n>p1 move solarbeam\n>p2 move wish\n>p1 move solarbeam\n>p2 switch 2\n>p1 switch 3\n>p2 move knockoff\n>p1 move recover\n>p2 switch 4\n>p1 switch 4\n>p2 move painsplit\n>p1 move hydropump\n>p2 move gunkshot\n>p1 move hydropump\n>p2 move gunkshot\n>p1 switch 2\n>p1 move moonblast\n>p2 switch 2\n>p1 switch 4\n>p2 move dazzlinggleam\n>p1 move gigadrain\n>p2 move dazzlinggleam\n>p1 move gigadrain\n>p2 move encore\n>p1 switch 5\n>p2 switch 4\n>p1 switch 3\n>p2 move bravebird\n>p1 switch 5\n>p1 move dragonpulse terastallize\n>p2 move bravebird\n>p1 move gigadrain\n>p2 move bravebird\n>p2 switch 5\n>p1 switch 4\n>p2 move earthquake\n>p1 move moonlight\n>p2 move substitute\n>p1 move moonlight\n>p2 move protect\n>p1 move moonlight\n>p2 move earthquake\n>p1 move moonlight\n>p2 move protect\n>p1 switch 4\n>p2 move earthquake\n>p1 switch 4\n>p1 move moonlight\n>p2 move earthquake\n>p1 move moonblast\n>p2 move earthquake\n>p1 move moonlight\n>p2 move earthquake\n>p1 move moonlight\n>p2 move earthquake\n>p1 move moonlight\n>p2 move earthquake\n>p1 switch 3\n>p2 move protect\n>p1 switch 3\n>p2 move earthquake\n>p1 move moonblast\n>p2 move protect\n>p1 move calmmind\n>p2 move protect\n>p1 switch 3\n>p1 move gunkshot\n>p2 move substitute\n>p1 move swordsdance\n>p2 move earthquake\n>p1 move swordsdance\n>p2 move protect\n>p1 move swordsdance\n>p2 move protect\n>p1 move swordsdance\n>p2 move protect\n>p1 move swordsdance\n>p2 move protect\n>p1 move swordsdance\n>p2 move protect\n>chat \u2606PaisleyPudge|you think you're wasting my time but I dislike you more than you dislike me\n>chat \u2606PaisleyPudge|this is positive expected value\n>p1 move swordsdance\n>p2 move protect\n>p1 move swordsdance\n>p2 move protect\n>p1 move swordsdance\n>p2 move protect\n>p1 move swordsdance\n>p2 move protect\n>p1 move swordsdance\n>p2 move substitute\n>p1 move swordsdance\n>p2 move substitute\n>p1 move swordsdance\n>p2 move substitute\n>p1 move swordsdance\n>p2 move substitute\n>p1 move swordsdance\n>p2 move substitute\n>p1 move swordsdance\n>p2 move substitute\n>p1 move swordsdance\n>p2 move substitute\n>p1 move swordsdance\n>p2 move substitute\n>p1 move swordsdance\n>p2 move substitute\n>p1 move swordsdance\n>p2 move substitute\n>p1 move swordsdance\n>p2 move substitute\n>p1 move swordsdance\n>p2 move substitute\n>p1 move swordsdance\n>p2 move substitute\n>p1 move swordsdance\n>p2 move substitute\n>p1 move swordsdance\n>p2 move toxic\n>p1 move swordsdance\n>p2 move toxic\n>p1 move swordsdance\n>p2 move toxic\n>p1 move swordsdance\n>p2 move toxic\n>p1 move swordsdance\n>p2 move toxic\n>p1 move swordsdance\n>p2 move toxic\n>p1 move swordsdance\n>p2 move toxic\n>p1 move swordsdance\n>p2 move toxic\n>chat \u2606PaisleyPudge|there we go\n>chat \u2606PaisleyPudge|bg\n>p1 move gunkshot\n>p2 switch 4", "uploadtime": 1782781352, "views": 8, "formatid": "gen9randombattle", "rating": 2256, "private": 0, "password": null, "player_dets": [{"name": "notmetbh102", "avatar": "2", "rating": 2299, "seed": "sodium,6226b36a5cd7c8480dca259a121cee5e"}, {"name": "PaisleyPudge", "avatar": "skyla", "rating": 2232, "seed": "sodium,8c02b0f3712e8a44273937db3120b5ec"}], "teams_full": [{"Dipplin": {"name": "Dipplin", "species": "Dipplin", "speciesId": "dipplin", "gender": "F", "shiny": false, "level": 88, "moves": ["dragonpulse", "gigadrain", "recover", "suckerpunch"], "ability": "Sticky Hold", "evs": {"hp": 85, "atk": 85, "def": 85, "spa": 85, "spd": 85, "spe": 85}, "ivs": {"hp": 31, "atk": 31, "def": 31, "spa": 31, "spd": 31, "spe": 31}, "item": "Eviolite", "teraType": "Steel", "role": "Bulky Attacker", "bvs": {"hp": 80, "atk": 80, "def": 110, "spa": 95, "spd": 80, "spe": 40}, "stats": {"hp": 284, "atk": 191, "def": 244, "spa": 217, "spd": 191, "spe": 121}, "types": ["Grass", "Dragon"]}, "Minior": {"name": "Minior", "species": "Minior-Blue", "speciesId": "minior", "gender": "N", "shiny": false, "level": 79, "moves": ["shellsmash", "acrobatics", "powergem", "earthquake"], "ability": "Shields Down", "evs": {"hp": 85, "atk": 85, "def": 85, "spa": 85, "spd": 85, "spe": 85}, "ivs": {"hp": 31, "atk": 31, "def": 31, "spa": 31, "spd": 31, "spe": 31}, "item": "White Herb", "teraType": "Steel", "role": "Setup Sweeper", "bvs": {"hp": 60, "atk": 100, "def": 60, "spa": 100, "spd": 60, "spe": 120}, "stats": {"hp": 224, "atk": 204, "def": 140, "spa": 204, "spd": 140, "spe": 235}, "types": ["Rock", "Flying"]}, "Palkia": {"name": "Palkia", "species": "Palkia-Origin", "speciesId": "palkiaorigin", "gender": "N", "shiny": false, "level": 72, "moves": ["fireblast", "hydropump", "dracometeor", "thunderwave"], "ability": "Pressure", "evs": {"hp": 85, "atk": 0, "def": 85, "spa": 85, "spd": 85, "spe": 85}, "ivs": {"hp": 31, "atk": 0, "def": 31, "spa": 31, "spd": 31, "spe": 31}, "item": "Lustrous Globe", "teraType": "Dragon", "role": "Bulky Attacker", "bvs": {"hp": 90, "atk": 100, "def": 100, "spa": 150, "spd": 120, "spe": 120}, "stats": {"hp": 249, "atk": 149, "def": 186, "spa": 258, "spd": 215, "spe": 215}, "types": ["Water", "Dragon"]}, "Sunflora": {"name": "Sunflora", "species": "Sunflora", "speciesId": "sunflora", "gender": "M", "shiny": false, "level": 100, "moves": ["earthpower", "solarbeam", "weatherball", "sunnyday"], "ability": "Chlorophyll", "evs": {"hp": 85, "atk": 0, "def": 85, "spa": 85, "spd": 85, "spe": 85}, "ivs": {"hp": 31, "atk": 0, "def": 31, "spa": 31, "spd": 31, "spe": 31}, "item": "Life Orb", "teraType": "Fire", "role": "Setup Sweeper", "bvs": {"hp": 75, "atk": 75, "def": 55, "spa": 105, "spd": 85, "spe": 30}, "stats": {"hp": 312, "atk": 155, "def": 167, "spa": 267, "spd": 227, "spe": 117}, "types": ["Grass"]}, "Toxicroak": {"name": "Toxicroak", "species": "Toxicroak", "speciesId": "toxicroak", "gender": "M", "shiny": false, "level": 84, "moves": ["earthquake", "gunkshot", "swordsdance", "closecombat"], "ability": "Dry Skin", "evs": {"hp": 85, "atk": 85, "def": 85, "spa": 85, "spd": 85, "spe": 85}, "ivs": {"hp": 31, "atk": 31, "def": 31, "spa": 31, "spd": 31, "spe": 31}, "item": "Life Orb", "teraType": "Ground", "role": "Setup Sweeper", "bvs": {"hp": 83, "atk": 106, "def": 65, "spa": 86, "spd": 65, "spe": 85}, "stats": {"hp": 277, "atk": 226, "def": 157, "spa": 193, "spd": 157, "spe": 191}, "types": ["Poison", "Fighting"]}, "Lunala": {"name": "Lunala", "species": "Lunala", "speciesId": "lunala", "gender": "N", "shiny": false, "level": 70, "moves": ["moonblast", "moonlight", "calmmind", "moongeistbeam"], "ability": "Shadow Shield", "evs": {"hp": 85, "atk": 0, "def": 85, "spa": 85, "spd": 85, "spe": 85}, "ivs": {"hp": 31, "atk": 0, "def": 31, "spa": 31, "spd": 31, "spe": 31}, "item": "Leftovers", "teraType": "Fairy", "role": "Bulky Setup", "bvs": {"hp": 137, "atk": 113, "def": 89, "spa": 137, "spd": 107, "spe": 97}, "stats": {"hp": 308, "atk": 163, "def": 166, "spa": 233, "spd": 191, "spe": 177}, "types": ["Psychic", "Ghost"]}}, {"Tauros": {"name": "Tauros", "species": "Tauros", "speciesId": "tauros", "gender": "M", "shiny": false, "level": 82, "moves": ["throatchop", "closecombat", "earthquake", "bodyslam"], "ability": "Sheer Force", "evs": {"hp": 85, "atk": 85, "def": 85, "spa": 85, "spd": 85, "spe": 85}, "ivs": {"hp": 31, "atk": 31, "def": 31, "spa": 31, "spd": 31, "spe": 31}, "item": "Life Orb", "teraType": "Ground", "role": "Fast Attacker", "bvs": {"hp": 75, "atk": 100, "def": 95, "spa": 40, "spd": 70, "spe": 110}, "stats": {"hp": 257, "atk": 211, "def": 203, "spa": 113, "spd": 162, "spe": 228}, "types": ["Normal"]}, "Dodrio": {"name": "Dodrio", "species": "Dodrio", "speciesId": "dodrio", "gender": "M", "shiny": false, "level": 85, "moves": ["drillrun", "knockoff", "doubleedge", "bravebird"], "ability": "Early Bird", "evs": {"hp": 85, "atk": 85, "def": 85, "spa": 85, "spd": 85, "spe": 85}, "ivs": {"hp": 31, "atk": 31, "def": 31, "spa": 31, "spd": 31, "spe": 31}, "item": "Choice Band", "teraType": "Ground", "role": "Fast Attacker", "bvs": {"hp": 60, "atk": 110, "def": 70, "spa": 60, "spd": 60, "spe": 110}, "stats": {"hp": 241, "atk": 236, "def": 168, "spa": 151, "spd": 151, "spe": 236}, "types": ["Normal", "Flying"]}, "Weezing": {"name": "Weezing", "species": "Weezing", "speciesId": "weezing", "gender": "M", "shiny": false, "level": 88, "moves": ["painsplit", "willowisp", "gunkshot", "fireblast"], "ability": "Levitate", "evs": {"hp": 85, "atk": 85, "def": 85, "spa": 85, "spd": 85, "spe": 85}, "ivs": {"hp": 31, "atk": 31, "def": 31, "spa": 31, "spd": 31, "spe": 31}, "item": "Leftovers", "teraType": "Steel", "role": "Bulky Attacker", "bvs": {"hp": 65, "atk": 90, "def": 120, "spa": 85, "spd": 70, "spe": 60}, "stats": {"hp": 258, "atk": 209, "def": 261, "spa": 200, "spd": 173, "spe": 156}, "types": ["Poison"]}, "Scream Tail": {"name": "Scream Tail", "species": "Scream Tail", "speciesId": "screamtail", "gender": "N", "shiny": false, "level": 84, "moves": ["protect", "dazzlinggleam", "wish", "encore"], "ability": "Protosynthesis", "evs": {"hp": 85, "atk": 0, "def": 85, "spa": 85, "spd": 85, "spe": 85}, "ivs": {"hp": 31, "atk": 0, "def": 31, "spa": 31, "spd": 31, "spe": 31}, "item": "Leftovers", "teraType": "Poison", "role": "Bulky Attacker", "bvs": {"hp": 115, "atk": 65, "def": 99, "spa": 65, "spd": 115, "spe": 111}, "stats": {"hp": 330, "atk": 114, "def": 215, "spa": 157, "spd": 241, "spe": 235}, "types": ["Fairy", "Psychic"]}, "Gliscor": {"name": "Gliscor", "species": "Gliscor", "speciesId": "gliscor", "gender": "M", "shiny": false, "level": 76, "moves": ["substitute", "protect", "toxic", "earthquake"], "ability": "Poison Heal", "evs": {"hp": 85, "atk": 85, "def": 85, "spa": 85, "spd": 85, "spe": 85}, "ivs": {"hp": 31, "atk": 31, "def": 31, "spa": 31, "spd": 31, "spe": 31}, "item": "Toxic Orb", "teraType": "Water", "role": "Fast Support", "bvs": {"hp": 75, "atk": 95, "def": 125, "spa": 45, "spd": 75, "spe": 95}, "stats": {"hp": 239, "atk": 188, "def": 234, "spa": 112, "spd": 158, "spe": 188}, "types": ["Ground", "Flying"]}, "Hoopa": {"name": "Hoopa", "species": "Hoopa-Unbound", "speciesId": "hoopaunbound", "gender": "N", "shiny": false, "level": 80, "moves": ["hyperspacefury", "gunkshot", "psychic", "focusblast"], "ability": "Magician", "evs": {"hp": 85, "atk": 85, "def": 85, "spa": 85, "spd": 85, "spe": 85}, "ivs": {"hp": 31, "atk": 31, "def": 31, "spa": 31, "spd": 31, "spe": 31}, "item": "Assault Vest", "teraType": "Poison", "role": "Bulky Attacker", "bvs": {"hp": 80, "atk": 160, "def": 60, "spa": 170, "spd": 130, "spe": 80}, "stats": {"hp": 259, "atk": 302, "def": 142, "spa": 318, "spd": 254, "spe": 174}, "types": ["Psychic", "Dark"]}}]}