{"id": "gen9randombattle-2641214052", "format": "[Gen 9] Random Battle", "players": ["joigsabra", "Fortre"], "log": "|j|\u2606joigsabra\n|j|\u2606Fortre\n|t:|1782754584\n|gametype|singles\n|player|p1|joigsabra|guzma|1959\n|player|p2|Fortre|1|1956\n|gen|9\n|tier|[Gen 9] Random Battle\n|rated|\n|rule|Species Clause: Limit one of each Pok\u00e9mon\n|rule|HP Percentage Mod: HP is shown in percentages\n|rule|Sleep Clause Mod: Limit one foe put to sleep\n|rule|Illusion Level Mod: Illusion disguises the Pok\u00e9mon's true level\n|\n|t:|1782754584\n|teamsize|p1|6\n|teamsize|p2|6\n|start\n|switch|p1a: Regieleki|Regieleki, L79|256/256\n|switch|p2a: Torterra|Torterra, L78, F|276/276\n|turn|1\n|inactive|Battle timer is ON: inactive players will automatically lose when time's up. (requested by joigsabra)\n|\n|t:|1782754599\n|switch|p1a: Volbeat|Volbeat, L90, M|263/263\n|move|p2a: Torterra|Bullet Seed|p1a: Volbeat\n|-resisted|p1a: Volbeat\n|-damage|p1a: Volbeat|248/263\n|-resisted|p1a: Volbeat\n|-damage|p1a: Volbeat|233/263\n|-resisted|p1a: Volbeat\n|-damage|p1a: Volbeat|219/263\n|-resisted|p1a: Volbeat\n|-damage|p1a: Volbeat|204/263\n|-resisted|p1a: Volbeat\n|-damage|p1a: Volbeat|189/263\n|-hitcount|p1a: Volbeat|5\n|\n|upkeep\n|turn|2\n|\n|t:|1782754605\n|move|p1a: Volbeat|Encore|p2a: Torterra\n|-start|p2a: Torterra|Encore\n|move|p2a: Torterra|Bullet Seed|p1a: Volbeat\n|-resisted|p1a: Volbeat\n|-damage|p1a: Volbeat|175/263\n|-resisted|p1a: Volbeat\n|-damage|p1a: Volbeat|163/263\n|-resisted|p1a: Volbeat\n|-damage|p1a: Volbeat|148/263\n|-resisted|p1a: Volbeat\n|-damage|p1a: Volbeat|135/263\n|-hitcount|p1a: Volbeat|4\n|\n|upkeep\n|turn|3\n|\n|t:|1782754608\n|switch|p2a: Rotom|Rotom-Frost, L87|229/229\n|move|p1a: Volbeat|Roost|p1a: Volbeat\n|-heal|p1a: Volbeat|263/263\n|-singleturn|p1a: Volbeat|move: Roost\n|\n|upkeep\n|turn|4\n|\n|t:|1782754621\n|move|p1a: Volbeat|Lunge|p2a: Rotom\n|-damage|p2a: Rotom|159/229\n|-unboost|p2a: Rotom|atk|1\n|move|p2a: Rotom|Blizzard|p1a: Volbeat|[miss]\n|-miss|p2a: Rotom|p1a: Volbeat\n|\n|upkeep\n|turn|5\n|\n|t:|1782754630\n|move|p1a: Volbeat|Lunge|p2a: Rotom\n|-damage|p2a: Rotom|95/229\n|-unboost|p2a: Rotom|atk|1\n|move|p2a: Rotom|Will-O-Wisp|p1a: Volbeat\n|-status|p1a: Volbeat|brn\n|\n|-damage|p1a: Volbeat|247/263 brn|[from] brn\n|upkeep\n|turn|6\n|\n|t:|1782754641\n|switch|p2a: Vivillon|Vivillon-Savanna, L83, F|268/268\n|move|p1a: Volbeat|Lunge|p2a: Vivillon\n|-resisted|p2a: Vivillon\n|-damage|p2a: Vivillon|238/268\n|-unboost|p2a: Vivillon|atk|1\n|\n|-damage|p1a: Volbeat|231/263 brn|[from] brn\n|upkeep\n|turn|7\n|\n|t:|1782754643\n|switch|p2a: Rotom|Rotom-Frost, L87|95/229\n|move|p1a: Volbeat|Thunder Wave|p2a: Rotom\n|-immune|p2a: Rotom\n|\n|-damage|p1a: Volbeat|215/263 brn|[from] brn\n|upkeep\n|turn|8\n|\n|t:|1782754647\n|move|p1a: Volbeat|Lunge|p2a: Rotom\n|-damage|p2a: Rotom|60/229\n|-unboost|p2a: Rotom|atk|1\n|move|p2a: Rotom|Blizzard|p1a: Volbeat\n|-damage|p1a: Volbeat|82/263 brn\n|\n|-damage|p1a: Volbeat|66/263 brn|[from] brn\n|upkeep\n|turn|9\n|\n|t:|1782754654\n|move|p1a: Volbeat|Roost|p1a: Volbeat\n|-heal|p1a: Volbeat|198/263 brn\n|-singleturn|p1a: Volbeat|move: Roost\n|move|p2a: Rotom|Blizzard|p1a: Volbeat\n|-damage|p1a: Volbeat|81/263 brn\n|\n|-damage|p1a: Volbeat|65/263 brn|[from] brn\n|upkeep\n|turn|10\n|\n|t:|1782754656\n|move|p1a: Volbeat|Roost|p1a: Volbeat\n|-heal|p1a: Volbeat|197/263 brn\n|-singleturn|p1a: Volbeat|move: Roost\n|move|p2a: Rotom|Blizzard|p1a: Volbeat\n|-damage|p1a: Volbeat|77/263 brn\n|\n|-damage|p1a: Volbeat|61/263 brn|[from] brn\n|upkeep\n|turn|11\n|\n|t:|1782754659\n|move|p1a: Volbeat|Roost|p1a: Volbeat\n|-heal|p1a: Volbeat|193/263 brn\n|-singleturn|p1a: Volbeat|move: Roost\n|move|p2a: Rotom|Blizzard|p1a: Volbeat\n|-damage|p1a: Volbeat|60/263 brn\n|\n|-damage|p1a: Volbeat|44/263 brn|[from] brn\n|upkeep\n|turn|12\n|\n|t:|1782754662\n|move|p1a: Volbeat|Roost|p1a: Volbeat\n|-heal|p1a: Volbeat|176/263 brn\n|-singleturn|p1a: Volbeat|move: Roost\n|move|p2a: Rotom|Blizzard|p1a: Volbeat|[miss]\n|-miss|p2a: Rotom|p1a: Volbeat\n|\n|-damage|p1a: Volbeat|160/263 brn|[from] brn\n|upkeep\n|turn|13\n|\n|t:|1782754673\n|move|p1a: Volbeat|Encore|p2a: Rotom\n|-start|p2a: Rotom|Encore\n|move|p2a: Rotom|Blizzard|p1a: Volbeat|[miss]\n|-miss|p2a: Rotom|p1a: Volbeat\n|\n|-damage|p1a: Volbeat|144/263 brn|[from] brn\n|upkeep\n|turn|14\n|\n|t:|1782754677\n|move|p1a: Volbeat|Roost|p1a: Volbeat\n|-heal|p1a: Volbeat|263/263 brn\n|-singleturn|p1a: Volbeat|move: Roost\n|move|p2a: Rotom|Blizzard|p1a: Volbeat|[miss]\n|-miss|p2a: Rotom|p1a: Volbeat\n|\n|-damage|p1a: Volbeat|247/263 brn|[from] brn\n|-end|p2a: Rotom|Encore\n|upkeep\n|turn|15\n|\n|t:|1782754694\n|move|p1a: Volbeat|Lunge|p2a: Rotom\n|-damage|p2a: Rotom|25/229\n|-unboost|p2a: Rotom|atk|1\n|move|p2a: Rotom|Thunderbolt|p1a: Volbeat\n|-damage|p1a: Volbeat|144/263 brn\n|\n|-damage|p1a: Volbeat|128/263 brn|[from] brn\n|upkeep\n|turn|16\n|\n|t:|1782754699\n|move|p1a: Volbeat|Lunge|p2a: Rotom\n|-damage|p2a: Rotom|0 fnt\n|faint|p2a: Rotom\n|\n|-damage|p1a: Volbeat|112/263 brn|[from] brn\n|upkeep\n|\n|t:|1782754701\n|switch|p2a: Torterra|Torterra, L78, F|276/276\n|turn|17\n|\n|t:|1782754706\n|switch|p1a: Appletun|Appletun, L92, F|352/352\n|move|p2a: Torterra|Rock Blast|p1a: Appletun|[miss]\n|-miss|p2a: Torterra|p1a: Appletun\n|\n|upkeep\n|turn|18\n|\n|t:|1782754712\n|switch|p2a: Vivillon|Vivillon-Savanna, L83, F|238/268\n|move|p1a: Appletun|Apple Acid|p2a: Vivillon\n|-resisted|p2a: Vivillon\n|-damage|p2a: Vivillon|199/268\n|-unboost|p2a: Vivillon|spd|1\n|\n|upkeep\n|turn|19\n|\n|t:|1782754719\n|switch|p1a: Regieleki|Regieleki, L79|256/256\n|move|p2a: Vivillon|Hurricane|p1a: Regieleki\n|-resisted|p1a: Regieleki\n|-damage|p1a: Regieleki|173/256\n|\n|upkeep\n|turn|20\n|\n|t:|1782754727\n|switch|p1a: Cinderace|Cinderace, L77, F|250/250\n|switch|p2a: Hoopa|Hoopa-Unbound, L80|259/259\n|\n|upkeep\n|turn|21\n|\n|t:|1782754735\n|switch|p2a: Seviper|Seviper, L93, M|287/287\n|move|p1a: Cinderace|U-turn|p2a: Seviper\n|-start|p1a: Cinderace|typechange|Bug|[from] ability: Libero\n|-resisted|p2a: Seviper\n|-damage|p2a: Seviper|245/287\n|\n|t:|1782754745\n|switch|p1a: Latios|Latios, L78, M|253/253|[from] U-turn\n|\n|upkeep\n|turn|22\n|\n|t:|1782754753\n|switch|p1a: Cinderace|Cinderace, L77, F|250/250\n|switch|p2a: Hoopa|Hoopa-Unbound, L80|259/259\n|\n|upkeep\n|turn|23\n|\n|t:|1782754760\n|move|p1a: Cinderace|Will-O-Wisp|p2a: Hoopa\n|-status|p2a: Hoopa|brn\n|move|p2a: Hoopa|Hyperspace Fury|p1a: Cinderace\n|-crit|p1a: Cinderace\n|-damage|p1a: Cinderace|65/250\n|-unboost|p2a: Hoopa|def|1\n|\n|-damage|p2a: Hoopa|243/259 brn|[from] brn\n|upkeep\n|turn|24\n|\n|t:|1782754762\n|switch|p2a: Seviper|Seviper, L93, M|245/287\n|move|p1a: Cinderace|U-turn|p2a: Seviper\n|-start|p1a: Cinderace|typechange|Bug|[from] ability: Libero\n|-resisted|p2a: Seviper\n|-damage|p2a: Seviper|204/287\n|\n|t:|1782754768\n|switch|p1a: Regieleki|Regieleki, L79|173/256|[from] U-turn\n|\n|upkeep\n|turn|25\n|\n|t:|1782754774\n|move|p1a: Regieleki|Volt Switch|p2a: Seviper\n|-crit|p2a: Seviper\n|-damage|p2a: Seviper|5/287\n|\n|t:|1782754780\n|switch|p1a: Carbink|Carbink, L90|236/236|[from] Volt Switch\n|move|p2a: Seviper|Gunk Shot|p1a: Carbink\n|-damage|p1a: Carbink|118/236\n|-damage|p2a: Seviper|0 fnt|[from] item: Life Orb\n|faint|p2a: Seviper\n|\n|upkeep\n|\n|t:|1782754792\n|switch|p2a: Torterra|Torterra, L78, F|276/276\n|turn|26\n|\n|t:|1782754801\n|switch|p1a: Appletun|Appletun, L92, F|352/352\n|move|p2a: Torterra|Rock Blast|p1a: Appletun\n|-damage|p1a: Appletun|335/352\n|-damage|p1a: Appletun|317/352\n|-damage|p1a: Appletun|301/352\n|-damage|p1a: Appletun|284/352\n|-hitcount|p1a: Appletun|4\n|\n|-heal|p1a: Appletun|306/352|[from] item: Leftovers\n|upkeep\n|turn|27\n|\n|t:|1782754810\n|switch|p2a: Hoopa|Hoopa-Unbound, L80|243/259 brn\n|move|p1a: Appletun|Dragon Tail|p2a: Hoopa\n|-damage|p2a: Hoopa|150/259 brn\n|drag|p2a: Diancie|Diancie, L82|216/216\n|\n|-heal|p1a: Appletun|328/352|[from] item: Leftovers\n|upkeep\n|turn|28\n|\n|t:|1782754817\n|switch|p1a: Volbeat|Volbeat, L90, M|112/263 brn\n|-terastallize|p2a: Diancie|Fairy\n|move|p2a: Diancie|Calm Mind|p2a: Diancie\n|-boost|p2a: Diancie|spa|1\n|-boost|p2a: Diancie|spd|1\n|\n|-damage|p1a: Volbeat|96/263 brn|[from] brn\n|upkeep\n|turn|29\n|\n|t:|1782754822\n|switch|p2a: Torterra|Torterra, L78, F|276/276\n|move|p1a: Volbeat|Thunder Wave|p2a: Torterra\n|-immune|p2a: Torterra\n|\n|-damage|p1a: Volbeat|80/263 brn|[from] brn\n|upkeep\n|turn|30\n|\n|t:|1782754826\n|switch|p1a: Appletun|Appletun, L92, F|328/352\n|switch|p2a: Diancie|Diancie, L82, tera:Fairy|216/216\n|\n|-heal|p1a: Appletun|350/352|[from] item: Leftovers\n|upkeep\n|turn|31\n|\n|t:|1782754840\n|switch|p1a: Volbeat|Volbeat, L90, M|80/263 brn\n|move|p2a: Diancie|Diamond Storm|p1a: Volbeat\n|-supereffective|p1a: Volbeat\n|-damage|p1a: Volbeat|0 fnt\n|faint|p1a: Volbeat\n|\n|upkeep\n|\n|t:|1782754847\n|switch|p1a: Latios|Latios, L78, M|253/253\n|turn|32\n|\n|t:|1782754850\n|move|p1a: Latios|Luster Purge|p2a: Diancie\n|-damage|p2a: Diancie|134/216\n|move|p2a: Diancie|Calm Mind|p2a: Diancie\n|-boost|p2a: Diancie|spa|1\n|-boost|p2a: Diancie|spd|1\n|\n|-heal|p2a: Diancie|147/216|[from] item: Leftovers\n|upkeep\n|turn|33\n|\n|t:|1782754858\n|move|p1a: Latios|Luster Purge|p2a: Diancie\n|-damage|p2a: Diancie|84/216\n|move|p2a: Diancie|Draining Kiss|p1a: Latios\n|-supereffective|p1a: Latios\n|-damage|p1a: Latios|21/253\n|-heal|p2a: Diancie|216/216|[from] drain|[of] p1a: Latios\n|\n|upkeep\n|turn|34\n|\n|t:|1782754862\n|move|p1a: Latios|Luster Purge|p2a: Diancie\n|-damage|p2a: Diancie|150/216\n|move|p2a: Diancie|Draining Kiss|p1a: Latios\n|-supereffective|p1a: Latios\n|-damage|p1a: Latios|0 fnt\n|-heal|p2a: Diancie|166/216|[from] drain|[of] p1a: Latios\n|faint|p1a: Latios\n|\n|-heal|p2a: Diancie|179/216|[from] item: Leftovers\n|upkeep\n|\n|t:|1782754865\n|switch|p1a: Cinderace|Cinderace, L77, F|65/250\n|turn|35\n|\n|t:|1782754870\n|move|p1a: Cinderace|Pyro Ball|p2a: Diancie\n|-damage|p2a: Diancie|92/216\n|move|p2a: Diancie|Diamond Storm|p1a: Cinderace\n|-supereffective|p1a: Cinderace\n|-damage|p1a: Cinderace|0 fnt\n|faint|p1a: Cinderace\n|\n|-heal|p2a: Diancie|105/216|[from] item: Leftovers\n|upkeep\n|\n|t:|1782754876\n|switch|p1a: Regieleki|Regieleki, L79|173/256\n|turn|36\n|\n|t:|1782754878\n|move|p1a: Regieleki|Explosion|p2a: Diancie\n|-damage|p2a: Diancie|7/216\n|faint|p1a: Regieleki\n|move|p2a: Diancie|Draining Kiss|p1: Regieleki|[notarget]\n|-fail|p2a: Diancie\n|\n|-heal|p2a: Diancie|20/216|[from] item: Leftovers\n|upkeep\n|\n|t:|1782754904\n|switch|p1a: Carbink|Carbink, L90|118/236\n|turn|37\n|\n|t:|1782754918\n|move|p1a: Carbink|Body Press|p2a: Diancie\n|-resisted|p2a: Diancie\n|-damage|p2a: Diancie|0 fnt\n|faint|p2a: Diancie\n|\n|upkeep\n|\n|t:|1782754925\n|switch|p2a: Torterra|Torterra, L78, F|276/276\n|turn|38\n|\n|t:|1782754929\n|switch|p1a: Appletun|Appletun, L92, F|350/352\n|move|p2a: Torterra|Bullet Seed|p1a: Appletun\n|-resisted|p1a: Appletun\n|-damage|p1a: Appletun|344/352\n|-resisted|p1a: Appletun\n|-damage|p1a: Appletun|338/352\n|-resisted|p1a: Appletun\n|-damage|p1a: Appletun|332/352\n|-resisted|p1a: Appletun\n|-damage|p1a: Appletun|326/352\n|-hitcount|p1a: Appletun|4\n|\n|-heal|p1a: Appletun|348/352|[from] item: Leftovers\n|upkeep\n|turn|39\n|\n|t:|1782754934\n|switch|p2a: Hoopa|Hoopa-Unbound, L80|150/259 brn\n|move|p1a: Appletun|Dragon Tail|p2a: Hoopa\n|-damage|p2a: Hoopa|62/259 brn\n|drag|p2a: Torterra|Torterra, L78, F|276/276\n|\n|-heal|p1a: Appletun|352/352|[from] item: Leftovers\n|upkeep\n|turn|40\n|\n|t:|1782754940\n|switch|p2a: Hoopa|Hoopa-Unbound, L80|62/259 brn\n|move|p1a: Appletun|Apple Acid|p2a: Hoopa\n|-damage|p2a: Hoopa|0 fnt\n|faint|p2a: Hoopa\n|\n|upkeep\n|\n|t:|1782754942\n|switch|p2a: Vivillon|Vivillon-Savanna, L83, F|199/268\n|turn|41\n|\n|t:|1782754946\n|switch|p1a: Carbink|Carbink, L90|118/236\n|move|p2a: Vivillon|Bug Buzz|p1a: Carbink\n|-resisted|p1a: Carbink\n|-damage|p1a: Carbink|92/236\n|\n|upkeep\n|turn|42\n|\n|t:|1782754951\n|move|p2a: Vivillon|Sleep Powder|p1a: Carbink\n|-status|p1a: Carbink|slp|[from] move: Sleep Powder\n|-enditem|p1a: Carbink|Chesto Berry|[eat]\n|-curestatus|p1a: Carbink|slp|[msg]\n|move|p1a: Carbink|Rest|p1a: Carbink\n|-status|p1a: Carbink|slp|[from] move: Rest\n|-heal|p1a: Carbink|236/236 slp|[silent]\n|\n|upkeep\n|turn|43\n|\n|t:|1782754956\n|switch|p2a: Torterra|Torterra, L78, F|276/276\n|cant|p1a: Carbink|slp\n|\n|upkeep\n|turn|44\n|\n|t:|1782754960\n|switch|p1a: Appletun|Appletun, L92, F|352/352\n|switch|p2a: Vivillon|Vivillon-Savanna, L83, F|199/268\n|\n|upkeep\n|turn|45\n|\n|t:|1782754964\n|switch|p1a: Carbink|Carbink, L90|236/236 slp\n|move|p2a: Vivillon|Hurricane|p1a: Carbink\n|-resisted|p1a: Carbink\n|-damage|p1a: Carbink|205/236 slp\n|\n|upkeep\n|turn|46\n|\n|t:|1782754968\n|move|p2a: Vivillon|Hurricane|p1a: Carbink\n|-resisted|p1a: Carbink\n|-damage|p1a: Carbink|173/236 slp\n|-start|p1a: Carbink|confusion\n|cant|p1a: Carbink|slp\n|\n|upkeep\n|turn|47\n|\n|t:|1782754971\n|move|p2a: Vivillon|Quiver Dance|p2a: Vivillon\n|-boost|p2a: Vivillon|spa|1\n|-boost|p2a: Vivillon|spd|1\n|-boost|p2a: Vivillon|spe|1\n|-curestatus|p1a: Carbink|slp|[msg]\n|-activate|p1a: Carbink|confusion\n|-damage|p1a: Carbink|165/236|[from] confusion\n|\n|upkeep\n|turn|48\n|\n|t:|1782754976\n|move|p2a: Vivillon|Sleep Powder|p1a: Carbink\n|-status|p1a: Carbink|slp|[from] move: Sleep Powder\n|cant|p1a: Carbink|slp\n|\n|upkeep\n|turn|49\n|\n|t:|1782754978\n|move|p2a: Vivillon|Hurricane|p1a: Carbink\n|-resisted|p1a: Carbink\n|-damage|p1a: Carbink|112/236 slp\n|cant|p1a: Carbink|slp\n|\n|upkeep\n|turn|50\n|\n|t:|1782754981\n|move|p2a: Vivillon|Bug Buzz|p1a: Carbink\n|-resisted|p1a: Carbink\n|-damage|p1a: Carbink|74/236 slp\n|cant|p1a: Carbink|slp\n|\n|upkeep\n|turn|51\n|\n|t:|1782754983\n|move|p2a: Vivillon|Hurricane|p1a: Carbink\n|-resisted|p1a: Carbink\n|-damage|p1a: Carbink|26/236 slp\n|-curestatus|p1a: Carbink|slp|[msg]\n|-end|p1a: Carbink|confusion\n|move|p1a: Carbink|Rest|p1a: Carbink\n|-status|p1a: Carbink|slp|[from] move: Rest\n|-heal|p1a: Carbink|236/236 slp|[silent]\n|\n|upkeep\n|turn|52\n|\n|t:|1782754990\n|move|p2a: Vivillon|Quiver Dance|p2a: Vivillon\n|-boost|p2a: Vivillon|spa|1\n|-boost|p2a: Vivillon|spd|1\n|-boost|p2a: Vivillon|spe|1\n|cant|p1a: Carbink|slp\n|\n|upkeep\n|turn|53\n|\n|t:|1782754991\n|move|p2a: Vivillon|Quiver Dance|p2a: Vivillon\n|-boost|p2a: Vivillon|spa|1\n|-boost|p2a: Vivillon|spd|1\n|-boost|p2a: Vivillon|spe|1\n|cant|p1a: Carbink|slp\n|\n|upkeep\n|turn|54\n|\n|t:|1782754994\n|move|p2a: Vivillon|Quiver Dance|p2a: Vivillon\n|-boost|p2a: Vivillon|spa|1\n|-boost|p2a: Vivillon|spd|1\n|-boost|p2a: Vivillon|spe|1\n|-curestatus|p1a: Carbink|slp|[msg]\n|move|p1a: Carbink|Moonblast|p2a: Vivillon\n|-damage|p2a: Vivillon|162/268\n|\n|upkeep\n|turn|55\n|\n|t:|1782754998\n|move|p2a: Vivillon|Hurricane|p1a: Carbink\n|-resisted|p1a: Carbink\n|-damage|p1a: Carbink|141/236\n|move|p1a: Carbink|Moonblast|p2a: Vivillon\n|-damage|p2a: Vivillon|126/268\n|\n|upkeep\n|turn|56\n|\n|t:|1782755002\n|move|p2a: Vivillon|Sleep Powder|p1a: Carbink\n|-status|p1a: Carbink|slp|[from] move: Sleep Powder\n|cant|p1a: Carbink|slp\n|\n|upkeep\n|turn|57\n|\n|t:|1782755010\n|move|p2a: Vivillon|Hurricane|p1a: Carbink\n|-resisted|p1a: Carbink\n|-damage|p1a: Carbink|51/236 slp\n|cant|p1a: Carbink|slp\n|\n|upkeep\n|turn|58\n|\n|t:|1782755013\n|move|p2a: Vivillon|Bug Buzz|p1a: Carbink\n|-resisted|p1a: Carbink\n|-damage|p1a: Carbink|0 fnt\n|faint|p1a: Carbink\n|\n|upkeep\n|\n|t:|1782755015\n|switch|p1a: Appletun|Appletun, L92, F|352/352\n|turn|59\n|\n|t:|1782755020\n|-terastallize|p1a: Appletun|Steel\n|move|p2a: Vivillon|Sleep Powder|p1a: Appletun\n|-status|p1a: Appletun|slp|[from] move: Sleep Powder\n|cant|p1a: Appletun|slp\n|\n|upkeep\n|turn|60\n|\n|t:|1782755023\n|move|p2a: Vivillon|Hurricane|p1a: Appletun\n|-resisted|p1a: Appletun\n|-damage|p1a: Appletun|202/352 slp\n|-curestatus|p1a: Appletun|slp|[msg]\n|move|p1a: Appletun|Dragon Tail|p2a: Vivillon\n|-damage|p2a: Vivillon|20/268\n|drag|p2a: Torterra|Torterra, L78, F|276/276\n|\n|-heal|p1a: Appletun|224/352|[from] item: Leftovers\n|upkeep\n|turn|61\n|\n|t:|1782755027\n|move|p2a: Torterra|Headlong Rush|p1a: Appletun\n|-supereffective|p1a: Appletun\n|-damage|p1a: Appletun|0 fnt\n|-unboost|p2a: Torterra|def|1\n|-unboost|p2a: Torterra|spd|1\n|faint|p1a: Appletun\n|\n|win|Fortre\n|raw|joigsabra's rating: 1959 &rarr; <strong>1939</strong><br />(-20 for losing)\n|raw|Fortre's rating: 1956 &rarr; <strong>1976</strong><br />(+20 for winning)\n", "inputlog": ">version f8ac14003a5f27e1bdc8d8c59608a773c1cb96e5\n>start {\"formatid\":\"gen9randombattle\",\"seed\":\"sodium,4982c38cfa69cfd2413dc8ddc819803c\",\"rated\":\"Rated battle\"}\n>player p1 {\"name\":\"joigsabra\",\"avatar\":\"guzma\",\"rating\":1959,\"seed\":\"sodium,40d6656f4beec05a1e88f36b0f44d6e7\"}\n>player p2 {\"name\":\"Fortre\",\"avatar\":\"1\",\"rating\":1956,\"seed\":\"sodium,4e3feaae1eeb2ec2272e7b400cae4834\"}\n>p1 switch 6\n>p2 move bulletseed\n>p1 move encore\n>p2 move rockblast\n>p1 move roost\n>p2 switch 2\n>p1 move lunge\n>p2 move blizzard\n>p1 move lunge\n>p2 move willowisp\n>p1 move lunge\n>p2 switch 4\n>p1 move thunderwave\n>p2 switch 4\n>p1 move lunge\n>p2 move blizzard\n>p1 move roost\n>p2 move blizzard\n>p1 move roost\n>p2 move blizzard\n>p1 move roost\n>p2 move blizzard\n>p1 move roost\n>p2 move blizzard\n>p1 move encore\n>p2 move blizzard\n>p1 move roost\n>p2 move blizzard\n>p1 move lunge\n>p2 move thunderbolt\n>p1 move lunge\n>p2 move thunderbolt\n>p2 switch 2\n>p1 switch 2\n>p2 move rockblast\n>p1 move appleacid\n>p2 switch 4\n>p1 switch 6\n>p2 move hurricane\n>p1 switch 4\n>p2 switch 6\n>p1 move uturn\n>p2 switch 3\n>p1 switch 3\n>p1 switch 3\n>p2 switch 3\n>p1 move willowisp\n>p2 move hyperspacefury\n>p1 move uturn\n>p2 switch 3\n>p1 switch 4\n>p1 move voltswitch\n>p2 move gunkshot\n>p1 switch 5\n>p2 switch 4\n>p1 switch 6\n>p2 move rockblast\n>p1 move dragontail\n>p2 switch 3\n>p1 switch 2\n>p2 move calmmind terastallize\n>p1 move thunderwave\n>p2 switch 3\n>p1 switch 2\n>p2 switch 3\n>p1 switch 2\n>p2 move diamondstorm\n>p1 switch 3\n>p1 move lusterpurge\n>p2 move calmmind\n>p1 move lusterpurge\n>p2 move drainingkiss\n>p1 move lusterpurge\n>p2 move drainingkiss\n>p1 switch 4\n>p1 move pyroball\n>p2 move diamondstorm\n>p1 switch 5\n>p1 move explosion\n>p2 move drainingkiss\n>p1 switch 6\n>p1 move bodypress\n>p2 move earthpower\n>p2 switch 3\n>p1 switch 2\n>p2 move bulletseed\n>p1 move dragontail\n>p2 switch 5\n>p1 move appleacid\n>p2 switch 5\n>p2 switch 6\n>p1 switch 2\n>p2 move bugbuzz\n>p1 move rest\n>p2 move sleeppowder\n>p1 move moonblast\n>p2 switch 5\n>p1 switch 2\n>p2 switch 5\n>p1 switch 2\n>p2 move hurricane\n>p1 move moonblast\n>p2 move hurricane\n>p1 move moonblast\n>p2 move quiverdance\n>p1 move moonblast\n>p2 move sleeppowder\n>p1 move moonblast\n>p2 move hurricane\n>p1 move rest\n>p2 move bugbuzz\n>p1 move rest\n>p2 move hurricane\n>p1 move moonblast\n>p2 move quiverdance\n>p1 move moonblast\n>p2 move quiverdance\n>p1 move moonblast\n>p2 move quiverdance\n>p1 move moonblast\n>p2 move hurricane\n>p1 move moonblast\n>p2 move sleeppowder\n>p1 move moonblast\n>p2 move hurricane\n>p1 move moonblast\n>p2 move bugbuzz\n>p1 switch 2\n>p1 move dragontail terastallize\n>p2 move sleeppowder\n>p1 move dragontail\n>p2 move hurricane\n>p1 move dragontail\n>p2 move headlongrush", "uploadtime": 1782755027, "views": 6, "formatid": "gen9randombattle", "rating": 1939, "private": 0, "password": null, "player_dets": [{"name": "joigsabra", "avatar": "guzma", "rating": 1959, "seed": "sodium,40d6656f4beec05a1e88f36b0f44d6e7"}, {"name": "Fortre", "avatar": "1", "rating": 1956, "seed": "sodium,4e3feaae1eeb2ec2272e7b400cae4834"}], "teams_full": [{"Regieleki": {"name": "Regieleki", "species": "Regieleki", "speciesId": "regieleki", "gender": "N", "shiny": false, "level": 79, "moves": ["thunderbolt", "explosion", "voltswitch", "rapidspin"], "ability": "Transistor", "evs": {"hp": 85, "atk": 85, "def": 85, "spa": 85, "spd": 85, "spe": 85}, "ivs": {"hp": 31, "atk": 31, "def": 31, "spa": 31, "spd": 31, "spe": 31}, "item": "Magnet", "teraType": "Electric", "role": "Fast Support", "bvs": {"hp": 80, "atk": 100, "def": 50, "spa": 100, "spd": 50, "spe": 200}, "stats": {"hp": 256, "atk": 204, "def": 125, "spa": 204, "spd": 125, "spe": 362}, "types": ["Electric"]}, "Appletun": {"name": "Appletun", "species": "Appletun", "speciesId": "appletun", "gender": "F", "shiny": false, "level": 92, "moves": ["dragontail", "appleacid", "recover", "dragonpulse"], "ability": "Thick Fat", "evs": {"hp": 85, "atk": 85, "def": 85, "spa": 85, "spd": 85, "spe": 85}, "ivs": {"hp": 31, "atk": 31, "def": 31, "spa": 31, "spd": 31, "spe": 31}, "item": "Leftovers", "teraType": "Steel", "role": "Bulky Attacker", "bvs": {"hp": 110, "atk": 85, "def": 80, "spa": 100, "spd": 80, "spe": 30}, "stats": {"hp": 352, "atk": 209, "def": 200, "spa": 236, "spd": 200, "spe": 108}, "types": ["Grass", "Dragon"]}, "Latios": {"name": "Latios", "species": "Latios", "speciesId": "latios", "gender": "M", "shiny": false, "level": 78, "moves": ["lusterpurge", "dracometeor", "recover", "aurasphere"], "ability": "Levitate", "evs": {"hp": 85, "atk": 0, "def": 85, "spa": 85, "spd": 85, "spe": 85}, "ivs": {"hp": 31, "atk": 0, "def": 31, "spa": 31, "spd": 31, "spe": 31}, "item": "Soul Dew", "teraType": "Dragon", "role": "Bulky Attacker", "bvs": {"hp": 80, "atk": 90, "def": 80, "spa": 130, "spd": 110, "spe": 110}, "stats": {"hp": 253, "atk": 145, "def": 170, "spa": 248, "spd": 217, "spe": 217}, "types": ["Dragon", "Psychic"]}, "Cinderace": {"name": "Cinderace", "species": "Cinderace", "speciesId": "cinderace", "gender": "F", "shiny": false, "level": 77, "moves": ["uturn", "pyroball", "courtchange", "willowisp"], "ability": "Libero", "evs": {"hp": 85, "atk": 85, "def": 85, "spa": 85, "spd": 85, "spe": 85}, "ivs": {"hp": 31, "atk": 31, "def": 31, "spa": 31, "spd": 31, "spe": 31}, "item": "Heavy-Duty Boots", "teraType": "Grass", "role": "Fast Support", "bvs": {"hp": 80, "atk": 116, "def": 75, "spa": 65, "spd": 75, "spe": 119}, "stats": {"hp": 250, "atk": 223, "def": 160, "spa": 145, "spd": 160, "spe": 228}, "types": ["Fire"]}, "Carbink": {"name": "Carbink", "species": "Carbink", "speciesId": "carbink", "gender": "N", "shiny": false, "level": 90, "moves": ["irondefense", "rest", "moonblast", "bodypress"], "ability": "Sturdy", "evs": {"hp": 85, "atk": 0, "def": 85, "spa": 85, "spd": 85, "spe": 85}, "ivs": {"hp": 31, "atk": 0, "def": 31, "spa": 31, "spd": 31, "spe": 31}, "item": "Chesto Berry", "teraType": "Fighting", "role": "Fast Bulky Setup", "bvs": {"hp": 50, "atk": 50, "def": 150, "spa": 50, "spd": 150, "spe": 50}, "stats": {"hp": 236, "atk": 95, "def": 321, "spa": 141, "spd": 321, "spe": 141}, "types": ["Rock", "Fairy"]}, "Volbeat": {"name": "Volbeat", "species": "Volbeat", "speciesId": "volbeat", "gender": "M", "shiny": false, "level": 90, "moves": ["encore", "lunge", "roost", "thunderwave"], "ability": "Prankster", "evs": {"hp": 85, "atk": 85, "def": 85, "spa": 85, "spd": 85, "spe": 85}, "ivs": {"hp": 31, "atk": 31, "def": 31, "spa": 31, "spd": 31, "spe": 31}, "item": "Heavy-Duty Boots", "teraType": "Steel", "role": "Bulky Attacker", "bvs": {"hp": 65, "atk": 73, "def": 75, "spa": 47, "spd": 85, "spe": 85}, "stats": {"hp": 263, "atk": 183, "def": 186, "spa": 136, "spd": 204, "spe": 204}, "types": ["Bug"]}}, {"Torterra": {"name": "Torterra", "species": "Torterra", "speciesId": "torterra", "gender": "F", "shiny": false, "level": 78, "moves": ["headlongrush", "rockblast", "bulletseed", "shellsmash"], "ability": "Overgrow", "evs": {"hp": 85, "atk": 85, "def": 85, "spa": 85, "spd": 85, "spe": 85}, "ivs": {"hp": 31, "atk": 31, "def": 31, "spa": 31, "spd": 31, "spe": 31}, "item": "Loaded Dice", "teraType": "Ground", "role": "Setup Sweeper", "bvs": {"hp": 95, "atk": 109, "def": 105, "spa": 75, "spd": 85, "spe": 56}, "stats": {"hp": 276, "atk": 215, "def": 209, "spa": 162, "spd": 178, "spe": 132}, "types": ["Grass", "Ground"]}, "Rotom": {"name": "Rotom", "species": "Rotom-Frost", "speciesId": "rotomfrost", "gender": "N", "shiny": false, "level": 87, "moves": ["nastyplot", "willowisp", "thunderbolt", "blizzard"], "ability": "Levitate", "evs": {"hp": 85, "atk": 0, "def": 85, "spa": 85, "spd": 85, "spe": 85}, "ivs": {"hp": 31, "atk": 0, "def": 31, "spa": 31, "spd": 31, "spe": 31}, "item": "Heavy-Duty Boots", "teraType": "Electric", "role": "Fast Attacker", "bvs": {"hp": 50, "atk": 65, "def": 107, "spa": 105, "spd": 107, "spe": 86}, "stats": {"hp": 229, "atk": 118, "def": 236, "spa": 232, "spd": 236, "spe": 199}, "types": ["Electric", "Ice"]}, "Seviper": {"name": "Seviper", "species": "Seviper", "speciesId": "seviper", "gender": "M", "shiny": false, "level": 93, "moves": ["earthquake", "gunkshot", "gigadrain", "knockoff"], "ability": "Infiltrator", "evs": {"hp": 85, "atk": 85, "def": 85, "spa": 85, "spd": 85, "spe": 85}, "ivs": {"hp": 31, "atk": 31, "def": 31, "spa": 31, "spd": 31, "spe": 31}, "item": "Life Orb", "teraType": "Ground", "role": "Fast Attacker", "bvs": {"hp": 73, "atk": 100, "def": 60, "spa": 100, "spd": 60, "spe": 65}, "stats": {"hp": 287, "atk": 239, "def": 164, "spa": 239, "spd": 164, "spe": 174}, "types": ["Poison"]}, "Vivillon": {"name": "Vivillon", "species": "Vivillon-Savanna", "speciesId": "vivillon", "gender": "F", "shiny": false, "level": 83, "moves": ["bugbuzz", "hurricane", "sleeppowder", "quiverdance"], "ability": "Compound Eyes", "evs": {"hp": 85, "atk": 0, "def": 85, "spa": 85, "spd": 85, "spe": 85}, "ivs": {"hp": 31, "atk": 0, "def": 31, "spa": 31, "spd": 31, "spe": 31}, "item": "Heavy-Duty Boots", "teraType": "Flying", "role": "Fast Bulky Setup", "bvs": {"hp": 80, "atk": 52, "def": 50, "spa": 90, "spd": 50, "spe": 89}, "stats": {"hp": 268, "atk": 91, "def": 131, "spa": 197, "spd": 131, "spe": 195}, "types": ["Bug", "Flying"]}, "Diancie": {"name": "Diancie", "species": "Diancie", "speciesId": "diancie", "gender": "N", "shiny": false, "level": 82, "moves": ["drainingkiss", "calmmind", "earthpower", "diamondstorm"], "ability": "Clear Body", "evs": {"hp": 85, "atk": 85, "def": 85, "spa": 85, "spd": 85, "spe": 85}, "ivs": {"hp": 31, "atk": 31, "def": 31, "spa": 31, "spd": 31, "spe": 31}, "item": "Leftovers", "teraType": "Fairy", "role": "Bulky Setup", "bvs": {"hp": 50, "atk": 100, "def": 150, "spa": 100, "spd": 150, "spe": 50}, "stats": {"hp": 216, "atk": 211, "def": 293, "spa": 211, "spd": 293, "spe": 129}, "types": ["Rock", "Fairy"]}, "Hoopa": {"name": "Hoopa", "species": "Hoopa-Unbound", "speciesId": "hoopaunbound", "gender": "N", "shiny": false, "level": 80, "moves": ["hyperspacefury", "drainpunch", "gunkshot", "zenheadbutt"], "ability": "Magician", "evs": {"hp": 85, "atk": 85, "def": 85, "spa": 85, "spd": 85, "spe": 85}, "ivs": {"hp": 31, "atk": 31, "def": 31, "spa": 31, "spd": 31, "spe": 31}, "item": "Choice Band", "teraType": "Dark", "role": "Wallbreaker", "bvs": {"hp": 80, "atk": 160, "def": 60, "spa": 170, "spd": 130, "spe": 80}, "stats": {"hp": 259, "atk": 302, "def": 142, "spa": 318, "spd": 254, "spe": 174}, "types": ["Psychic", "Dark"]}}]}