{"id": "gen9randombattle-2641545672", "format": "[Gen 9] Random Battle", "players": ["Gerku", "Dizay976"], "log": "|j|\u2606Gerku\n|j|\u2606Dizay976\n|t:|1782805001\n|gametype|singles\n|player|p1|Gerku|170|2112\n|player|p2|Dizay976|yellow|2205\n|gen|9\n|tier|[Gen 9] Random Battle\n|rated|\n|rule|Species Clause: Limit one of each Pok\u00e9mon\n|rule|HP Percentage Mod: HP is shown in percentages\n|rule|Sleep Clause Mod: Limit one foe put to sleep\n|rule|Illusion Level Mod: Illusion disguises the Pok\u00e9mon's true level\n|\n|t:|1782805001\n|teamsize|p1|6\n|teamsize|p2|6\n|start\n|switch|p1a: Cacturne|Cacturne, L92, F|278/278\n|switch|p2a: Registeel|Registeel, L81|262/262\n|turn|1\n|\n|t:|1782805011\n|move|p1a: Cacturne|Knock Off|p2a: Registeel\n|-damage|p2a: Registeel|145/262\n|-enditem|p2a: Registeel|Chesto Berry|[from] move: Knock Off|[of] p1a: Cacturne\n|-damage|p1a: Cacturne|251/278|[from] item: Life Orb\n|move|p2a: Registeel|Body Press|p1a: Cacturne\n|-supereffective|p1a: Cacturne\n|-damage|p1a: Cacturne|65/278\n|\n|upkeep\n|turn|2\n|inactive|Battle timer is ON: inactive players will automatically lose when time's up. (requested by Gerku)\n|\n|t:|1782805019\n|move|p1a: Cacturne|Focus Blast|p2a: Registeel|[miss]\n|-miss|p1a: Cacturne|p2a: Registeel\n|move|p2a: Registeel|Body Press|p1a: Cacturne\n|-supereffective|p1a: Cacturne\n|-damage|p1a: Cacturne|0 fnt\n|faint|p1a: Cacturne\n|\n|upkeep\n|\n|t:|1782805029\n|switch|p1a: Cobalion|Cobalion, L80|277/277\n|turn|3\n|\n|t:|1782805037\n|switch|p2a: Volcanion|Volcanion, L79|256/256\n|move|p1a: Cobalion|Close Combat|p2a: Volcanion\n|-damage|p2a: Volcanion|156/256\n|-unboost|p1a: Cobalion|def|1\n|-unboost|p1a: Cobalion|spd|1\n|\n|upkeep\n|turn|4\n|\n|t:|1782805047\n|switch|p1a: Slowbro|Slowbro, L85, F|300/300\n|move|p2a: Volcanion|Steam Eruption|p1a: Slowbro\n|-resisted|p1a: Slowbro\n|-damage|p1a: Slowbro|230/300\n|\n|upkeep\n|turn|5\n|\n|t:|1782805062\n|switch|p2a: Umbreon|Umbreon, L84, F|297/297\n|move|p1a: Slowbro|Calm Mind|p1a: Slowbro\n|-boost|p1a: Slowbro|spa|1\n|-boost|p1a: Slowbro|spd|1\n|\n|upkeep\n|turn|6\n|\n|t:|1782805069\n|switch|p1a: Cobalion|Cobalion, L80|277/277\n|move|p2a: Umbreon|Toxic|p1a: Cobalion\n|-immune|p1a: Cobalion\n|\n|upkeep\n|turn|7\n|\n|t:|1782805076\n|switch|p2a: Dondozo|Dondozo, L78, M|362/362\n|move|p1a: Cobalion|Swords Dance|p1a: Cobalion\n|-boost|p1a: Cobalion|atk|2\n|\n|upkeep\n|turn|8\n|\n|t:|1782805093\n|move|p1a: Cobalion|Taunt|p2a: Dondozo\n|-start|p2a: Dondozo|move: Taunt\n|move|p2a: Dondozo|Wave Crash|p1a: Cobalion\n|-damage|p1a: Cobalion|192/277\n|-damage|p2a: Dondozo|334/362|[from] Recoil\n|\n|-heal|p1a: Cobalion|209/277|[from] item: Leftovers\n|-heal|p2a: Dondozo|356/362|[from] item: Leftovers\n|upkeep\n|turn|9\n|\n|t:|1782805104\n|switch|p1a: Vikavolt|Vikavolt, L83, M|263/263\n|move|p2a: Dondozo|Wave Crash|p1a: Vikavolt\n|-damage|p1a: Vikavolt|158/263\n|-damage|p2a: Dondozo|321/362|[from] Recoil\n|\n|-heal|p2a: Dondozo|343/362|[from] item: Leftovers\n|upkeep\n|turn|10\n|inactive|Dizay976 has 120 seconds left.\n|\n|t:|1782805137\n|switch|p2a: Volcanion|Volcanion, L79|156/256\n|move|p1a: Vikavolt|Sticky Web|p2a: Volcanion\n|-sidestart|p2: Dizay976|move: Sticky Web\n|\n|upkeep\n|turn|11\n|\n|t:|1782805143\n|switch|p1a: Slowbro|Slowbro, L85, F|300/300\n|move|p2a: Volcanion|Flamethrower|p1a: Slowbro\n|-resisted|p1a: Slowbro\n|-damage|p1a: Slowbro|243/300\n|\n|upkeep\n|turn|12\n|\n|t:|1782805155\n|switch|p1a: Vikavolt|Vikavolt, L83, M|158/263\n|move|p2a: Volcanion|Sludge Bomb|p1a: Vikavolt\n|-damage|p1a: Vikavolt|77/263\n|\n|upkeep\n|turn|13\n|\n|t:|1782805172\n|switch|p1a: Slowbro|Slowbro, L85, F|300/300\n|move|p2a: Volcanion|Flamethrower|p1a: Slowbro\n|-resisted|p1a: Slowbro\n|-damage|p1a: Slowbro|239/300\n|\n|upkeep\n|turn|14\n|\n|t:|1782805178\n|move|p2a: Volcanion|Sludge Bomb|p1a: Slowbro\n|-damage|p1a: Slowbro|162/300\n|move|p1a: Slowbro|Psychic Noise|p2a: Volcanion\n|-damage|p2a: Volcanion|66/256\n|-start|p2a: Volcanion|move: Heal Block\n|\n|upkeep\n|turn|15\n|\n|t:|1782805187\n|move|p2a: Volcanion|Sludge Bomb|p1a: Slowbro\n|-damage|p1a: Slowbro|89/300\n|move|p1a: Slowbro|Slack Off|p1a: Slowbro\n|-heal|p1a: Slowbro|239/300\n|\n|-end|p2a: Volcanion|move: Heal Block\n|upkeep\n|turn|16\n|\n|t:|1782805193\n|switch|p2a: Umbreon|Umbreon, L84, F|297/297\n|-activate|p2a: Umbreon|move: Sticky Web\n|-unboost|p2a: Umbreon|spe|1\n|move|p1a: Slowbro|Psychic Noise|p2a: Umbreon\n|-immune|p2a: Umbreon\n|\n|upkeep\n|turn|17\n|\n|t:|1782805212\n|switch|p1a: Cobalion|Cobalion, L80|209/277\n|move|p2a: Umbreon|Wish|p2a: Umbreon\n|\n|-heal|p1a: Cobalion|226/277|[from] item: Leftovers\n|upkeep\n|turn|18\n|inactive|Dizay976 has 120 seconds left.\n|\n|t:|1782805239\n|switch|p2a: Torterra|Torterra, L78, F|276/276\n|-activate|p2a: Torterra|move: Sticky Web\n|-unboost|p2a: Torterra|spe|1\n|move|p1a: Cobalion|Swords Dance|p1a: Cobalion\n|-boost|p1a: Cobalion|atk|2\n|\n|-heal|p1a: Cobalion|243/277|[from] item: Leftovers\n|upkeep\n|turn|19\n|inactive|Dizay976 has 120 seconds left.\n|inactive|Gerku has 120 seconds left.\n|\n|t:|1782805276\n|move|p1a: Cobalion|Taunt|p2a: Torterra\n|-start|p2a: Torterra|move: Taunt\n|move|p2a: Torterra|Headlong Rush|p1a: Cobalion\n|-supereffective|p1a: Cobalion\n|-damage|p1a: Cobalion|55/277\n|-unboost|p2a: Torterra|def|1\n|-unboost|p2a: Torterra|spd|1\n|\n|-heal|p1a: Cobalion|72/277|[from] item: Leftovers\n|upkeep\n|turn|20\n|inactive|Dizay976 has 120 seconds left.\n|\n|t:|1782805285\n|switch|p2a: Dondozo|Dondozo, L78, M|343/362\n|-activate|p2a: Dondozo|move: Sticky Web\n|-unboost|p2a: Dondozo|spe|1\n|move|p1a: Cobalion|Close Combat|p2a: Dondozo\n|-damage|p2a: Dondozo|244/362\n|-unboost|p1a: Cobalion|def|1\n|-unboost|p1a: Cobalion|spd|1\n|\n|-heal|p1a: Cobalion|89/277|[from] item: Leftovers\n|-heal|p2a: Dondozo|266/362|[from] item: Leftovers\n|upkeep\n|turn|21\n|inactive|Dizay976 has 120 seconds left.\n|\n|t:|1782805298\n|switch|p2a: Torterra|Torterra, L78, F|276/276\n|-activate|p2a: Torterra|move: Sticky Web\n|-unboost|p2a: Torterra|spe|1\n|move|p1a: Cobalion|Close Combat|p2a: Torterra\n|-damage|p2a: Torterra|51/276\n|-unboost|p1a: Cobalion|def|1\n|-unboost|p1a: Cobalion|spd|1\n|\n|-heal|p1a: Cobalion|106/277|[from] item: Leftovers\n|upkeep\n|turn|22\n|inactive|Dizay976 has 120 seconds left.\n|\n|t:|1782805317\n|switch|p2a: Dondozo|Dondozo, L78, M|266/362\n|-activate|p2a: Dondozo|move: Sticky Web\n|-unboost|p2a: Dondozo|spe|1\n|move|p1a: Cobalion|Iron Head|p2a: Dondozo\n|-resisted|p2a: Dondozo\n|-damage|p2a: Dondozo|232/362\n|\n|-heal|p1a: Cobalion|123/277|[from] item: Leftovers\n|-heal|p2a: Dondozo|254/362|[from] item: Leftovers\n|upkeep\n|turn|23\n|\n|t:|1782805328\n|switch|p1a: Raging Bolt|Raging Bolt, L78|323/323\n|-enditem|p1a: Raging Bolt|Booster Energy\n|-activate|p1a: Raging Bolt|ability: Protosynthesis|[fromitem]\n|-start|p1a: Raging Bolt|protosynthesisspa\n|move|p2a: Dondozo|Wave Crash|p1a: Raging Bolt\n|-resisted|p1a: Raging Bolt\n|-crit|p1a: Raging Bolt\n|-damage|p1a: Raging Bolt|237/323\n|-damage|p2a: Dondozo|226/362|[from] Recoil\n|\n|-heal|p2a: Dondozo|248/362|[from] item: Leftovers\n|upkeep\n|turn|24\n|\n|t:|1782805342\n|switch|p2a: Umbreon|Umbreon, L84, F|297/297\n|-activate|p2a: Umbreon|move: Sticky Web\n|-unboost|p2a: Umbreon|spe|1\n|move|p1a: Raging Bolt|Calm Mind|p1a: Raging Bolt\n|-boost|p1a: Raging Bolt|spa|1\n|-boost|p1a: Raging Bolt|spd|1\n|\n|upkeep\n|turn|25\n|\n|t:|1782805349\n|-terastallize|p1a: Raging Bolt|Electric\n|move|p1a: Raging Bolt|Thunderbolt|p2a: Umbreon\n|-damage|p2a: Umbreon|85/297\n|move|p2a: Umbreon|Toxic|p1a: Raging Bolt\n|-status|p1a: Raging Bolt|tox\n|\n|-heal|p2a: Umbreon|103/297|[from] item: Leftovers\n|-damage|p1a: Raging Bolt|217/323 tox|[from] psn\n|upkeep\n|turn|26\n|inactive|Dizay976 has 120 seconds left.\n|\n|t:|1782805379\n|move|p2a: Umbreon|Protect|p2a: Umbreon\n|-singleturn|p2a: Umbreon|Protect\n|move|p1a: Raging Bolt|Dragon Pulse|p2a: Umbreon\n|-activate|p2a: Umbreon|move: Protect\n|\n|-heal|p2a: Umbreon|121/297|[from] item: Leftovers\n|-damage|p1a: Raging Bolt|177/323 tox|[from] psn\n|upkeep\n|turn|27\n|inactive|Dizay976 has 120 seconds left.\n|inactive|Gerku has 120 seconds left.\n|\n|t:|1782805413\n|switch|p2a: Torterra|Torterra, L78, F|51/276\n|-activate|p2a: Torterra|move: Sticky Web\n|-unboost|p2a: Torterra|spe|1\n|move|p1a: Raging Bolt|Dragon Pulse|p2a: Torterra\n|-damage|p2a: Torterra|0 fnt\n|faint|p2a: Torterra\n|\n|-damage|p1a: Raging Bolt|117/323 tox|[from] psn\n|upkeep\n|\n|t:|1782805418\n|switch|p2a: Mimikyu|Mimikyu, L79, M|216/216\n|-activate|p2a: Mimikyu|move: Sticky Web\n|-unboost|p2a: Mimikyu|spe|1\n|turn|28\n|inactive|Gerku has 120 seconds left.\n|\n|t:|1782805433\n|-end|p1a: Raging Bolt|Protosynthesis|[silent]\n|switch|p1a: Rhyperior|Rhyperior, L82, M|323/323\n|move|p2a: Mimikyu|Swords Dance|p2a: Mimikyu\n|-boost|p2a: Mimikyu|atk|2\n|\n|upkeep\n|turn|29\n|\n|t:|1782805442\n|move|p2a: Mimikyu|Play Rough|p1a: Rhyperior\n|-damage|p1a: Rhyperior|155/323\n|-unboost|p1a: Rhyperior|atk|1\n|-damage|p2a: Mimikyu|195/216|[from] item: Life Orb\n|move|p1a: Rhyperior|Earthquake|p2a: Mimikyu\n|-activate|p2a: Mimikyu|ability: Disguise\n|-damage|p2a: Mimikyu|195/216\n|detailschange|p2a: Mimikyu|Mimikyu-Busted, L79, M\n|-damage|p2a: Mimikyu|168/216|[from] pokemon: Mimikyu-Busted\n|\n|upkeep\n|turn|30\n|\n|t:|1782805453\n|move|p2a: Mimikyu|Play Rough|p1a: Rhyperior\n|-damage|p1a: Rhyperior|7/323\n|-damage|p2a: Mimikyu|147/216|[from] item: Life Orb\n|move|p1a: Rhyperior|Earthquake|p2a: Mimikyu\n|-damage|p2a: Mimikyu|2/216\n|\n|upkeep\n|turn|31\n|\n|t:|1782805469\n|move|p2a: Mimikyu|Shadow Claw|p1a: Rhyperior\n|-damage|p1a: Rhyperior|0 fnt\n|faint|p1a: Rhyperior\n|-damage|p2a: Mimikyu|0 fnt|[from] item: Life Orb\n|faint|p2a: Mimikyu\n|\n|upkeep\n|\n|t:|1782805479\n|switch|p2a: Umbreon|Umbreon, L84, F|121/297\n|switch|p1a: Vikavolt|Vikavolt, L83, M|77/263\n|-activate|p2a: Umbreon|move: Sticky Web\n|-unboost|p2a: Umbreon|spe|1\n|turn|32\n|\n|t:|1782805487\n|move|p2a: Umbreon|Protect|p2a: Umbreon\n|-singleturn|p2a: Umbreon|Protect\n|move|p1a: Vikavolt|Bug Buzz|p2a: Umbreon\n|-activate|p2a: Umbreon|move: Protect\n|\n|-heal|p2a: Umbreon|139/297|[from] item: Leftovers\n|upkeep\n|turn|33\n|\n|t:|1782805494\n|-terastallize|p2a: Umbreon|Poison\n|move|p1a: Vikavolt|Bug Buzz|p2a: Umbreon\n|-resisted|p2a: Umbreon\n|-damage|p2a: Umbreon|94/297\n|move|p2a: Umbreon|Wish|p2a: Umbreon\n|\n|-heal|p2a: Umbreon|112/297|[from] item: Leftovers\n|upkeep\n|turn|34\n|\n|t:|1782805501\n|move|p1a: Vikavolt|Discharge|p2a: Umbreon\n|-damage|p2a: Umbreon|28/297\n|move|p2a: Umbreon|Toxic|p1a: Vikavolt\n|-status|p1a: Vikavolt|tox\n|\n|-heal|p2a: Umbreon|176/297|[from] move: Wish|[wisher] Umbreon\n|-heal|p2a: Umbreon|194/297|[from] item: Leftovers\n|-damage|p1a: Vikavolt|61/263 tox|[from] psn\n|upkeep\n|turn|35\n|\n|t:|1782805510\n|move|p2a: Umbreon|Protect|p2a: Umbreon\n|-singleturn|p2a: Umbreon|Protect\n|move|p1a: Vikavolt|Discharge|p2a: Umbreon\n|-activate|p2a: Umbreon|move: Protect\n|\n|-heal|p2a: Umbreon|212/297|[from] item: Leftovers\n|-damage|p1a: Vikavolt|29/263 tox|[from] psn\n|upkeep\n|turn|36\n|\n|t:|1782805526\n|move|p1a: Vikavolt|Discharge|p2a: Umbreon\n|-damage|p2a: Umbreon|127/297\n|move|p2a: Umbreon|Wish|p2a: Umbreon\n|\n|-heal|p2a: Umbreon|145/297|[from] item: Leftovers\n|-damage|p1a: Vikavolt|0 fnt|[from] psn\n|faint|p1a: Vikavolt\n|upkeep\n|\n|t:|1782805533\n|switch|p1a: Cobalion|Cobalion, L80|123/277\n|turn|37\n|\n|t:|1782805543\n|move|p1a: Cobalion|Taunt|p2a: Umbreon\n|-start|p2a: Umbreon|move: Taunt\n|move|p2a: Umbreon|Foul Play|p1a: Cobalion\n|-resisted|p1a: Cobalion\n|-damage|p1a: Cobalion|91/277\n|-ability|p1a: Cobalion|Justified|boost\n|-boost|p1a: Cobalion|atk|1\n|\n|-heal|p2a: Umbreon|293/297|[from] move: Wish|[wisher] Umbreon\n|-heal|p1a: Cobalion|108/277|[from] item: Leftovers\n|-heal|p2a: Umbreon|297/297|[from] item: Leftovers\n|upkeep\n|turn|38\n|\n|t:|1782805554\n|move|p1a: Cobalion|Iron Head|p2a: Umbreon\n|-damage|p2a: Umbreon|195/297\n|cant|p2a: Umbreon|flinch\n|\n|-heal|p1a: Cobalion|125/277|[from] item: Leftovers\n|-heal|p2a: Umbreon|213/297|[from] item: Leftovers\n|upkeep\n|turn|39\n|\n|t:|1782805560\n|switch|p2a: Dondozo|Dondozo, L78, M|248/362\n|-activate|p2a: Dondozo|move: Sticky Web\n|-unboost|p2a: Dondozo|spe|1\n|move|p1a: Cobalion|Iron Head|p2a: Dondozo\n|-resisted|p2a: Dondozo\n|-damage|p2a: Dondozo|215/362\n|\n|-heal|p1a: Cobalion|142/277|[from] item: Leftovers\n|-heal|p2a: Dondozo|237/362|[from] item: Leftovers\n|upkeep\n|turn|40\n|\n|t:|1782805573\n|switch|p1a: Slowbro|Slowbro, L85, F|300/300\n|move|p2a: Dondozo|Wave Crash|p1a: Slowbro\n|-resisted|p1a: Slowbro\n|-crit|p1a: Slowbro\n|-damage|p1a: Slowbro|228/300\n|-damage|p2a: Dondozo|177/362|[from] item: Rocky Helmet|[of] p1a: Slowbro\n|-damage|p2a: Dondozo|153/362|[from] Recoil\n|\n|-heal|p2a: Dondozo|175/362|[from] item: Leftovers\n|upkeep\n|turn|41\n|\n|t:|1782805587\n|switch|p2a: Registeel|Registeel, L81|145/262\n|-activate|p2a: Registeel|move: Sticky Web\n|-fail|p2a: Registeel|unboost|[from] ability: Clear Body|[of] p2a: Registeel\n|move|p1a: Slowbro|Calm Mind|p1a: Slowbro\n|-boost|p1a: Slowbro|spa|1\n|-boost|p1a: Slowbro|spd|1\n|\n|upkeep\n|turn|42\n|\n|t:|1782805594\n|move|p2a: Registeel|Iron Defense|p2a: Registeel\n|-boost|p2a: Registeel|def|2\n|move|p1a: Slowbro|Scald|p2a: Registeel\n|-damage|p2a: Registeel|61/262\n|\n|upkeep\n|turn|43\n|\n|t:|1782805605\n|move|p2a: Registeel|Body Press|p1a: Slowbro\n|-resisted|p1a: Slowbro\n|-damage|p1a: Slowbro|164/300\n|-damage|p2a: Registeel|18/262|[from] item: Rocky Helmet|[of] p1a: Slowbro\n|move|p1a: Slowbro|Scald|p2a: Registeel\n|-damage|p2a: Registeel|0 fnt\n|faint|p2a: Registeel\n|\n|upkeep\n|\n|t:|1782805612\n|switch|p2a: Volcanion|Volcanion, L79|66/256\n|turn|44\n|\n|t:|1782805615\n|move|p2a: Volcanion|Haze|p2a: Volcanion\n|-clearallboost\n|move|p1a: Slowbro|Psychic Noise|p2a: Volcanion\n|-damage|p2a: Volcanion|0 fnt\n|faint|p2a: Volcanion\n|\n|upkeep\n|\n|t:|1782805617\n|switch|p2a: Umbreon|Umbreon, L84, F, tera:Poison|213/297\n|-activate|p2a: Umbreon|move: Sticky Web\n|-unboost|p2a: Umbreon|spe|1\n|turn|45\n|\n|t:|1782805625\n|switch|p1a: Cobalion|Cobalion, L80|142/277\n|move|p2a: Umbreon|Toxic|p1a: Cobalion\n|-immune|p1a: Cobalion\n|\n|-heal|p1a: Cobalion|159/277|[from] item: Leftovers\n|-heal|p2a: Umbreon|231/297|[from] item: Leftovers\n|upkeep\n|turn|46\n|\n|t:|1782805632\n|switch|p2a: Dondozo|Dondozo, L78, M|175/362\n|-activate|p2a: Dondozo|move: Sticky Web\n|-unboost|p2a: Dondozo|spe|1\n|move|p1a: Cobalion|Swords Dance|p1a: Cobalion\n|-boost|p1a: Cobalion|atk|2\n|\n|-heal|p1a: Cobalion|176/277|[from] item: Leftovers\n|-heal|p2a: Dondozo|197/362|[from] item: Leftovers\n|upkeep\n|turn|47\n|-message|Dizay976 forfeited.\n|\n|win|Gerku\n", "inputlog": ">version f8ac14003a5f27e1bdc8d8c59608a773c1cb96e5\n>start {\"formatid\":\"gen9randombattle\",\"seed\":\"sodium,89702e6548af6cf027d3531a03bba056\",\"rated\":\"Rated battle\"}\n>player p1 {\"name\":\"Gerku\",\"avatar\":\"170\",\"rating\":2112,\"seed\":\"sodium,2f545dcc5b61db220a12b72ff4d86b0c\"}\n>player p2 {\"name\":\"Dizay976\",\"avatar\":\"yellow\",\"rating\":2205,\"seed\":\"sodium,35609dad13c380bd8a0fe94a23ffbb1c\"}\n>p1 move knockoff\n>p2 move bodypress\n>p1 move focusblast\n>p2 move bodypress\n>p1 switch 3\n>p1 move closecombat\n>p2 switch 4\n>p1 switch 6\n>p2 move steameruption\n>p1 move calmmind\n>p2 switch 2\n>p1 switch 6\n>p2 move toxic\n>p1 move swordsdance\n>p2 switch 3\n>p1 move taunt\n>p2 move wavecrash\n>p1 switch 5\n>p2 move wavecrash\n>p1 move stickyweb\n>p2 switch 2\n>p1 switch 6\n>p2 move flamethrower\n>p1 switch 6\n>p2 move sludgebomb\n>p1 switch 6\n>p2 move flamethrower\n>p1 move psychicnoise\n>p2 move sludgebomb\n>p1 move slackoff\n>p2 move sludgebomb\n>p1 move psychicnoise\n>p2 switch 3\n>p1 switch 5\n>p2 move wish\n>p1 move swordsdance\n>p2 switch 5\n>p1 move taunt\n>p2 move headlongrush\n>p1 move closecombat\n>p2 switch 2\n>p1 move closecombat\n>p2 switch 2\n>p1 move ironhead\n>p2 switch 2\n>p1 switch 4\n>p2 move wavecrash\n>p1 move calmmind\n>p2 switch 5\n>p1 move thunderbolt terastallize\n>p2 move toxic\n>p1 move dragonpulse\n>p2 move protect\n>p1 move dragonpulse\n>p2 switch 2\n>p2 switch 6\n>p1 switch 2\n>p2 move swordsdance\n>p1 move earthquake\n>p2 move playrough\n>p1 move earthquake\n>p2 move playrough\n>p1 move earthquake\n>p2 move shadowclaw\n>p1 switch 6\n>p2 switch 2\n>p1 move bugbuzz\n>p2 move protect\n>p1 move bugbuzz\n>p2 move wish terastallize\n>p1 move discharge\n>p2 move toxic\n>p1 move discharge\n>p2 move protect\n>p1 move discharge\n>p2 move wish\n>p1 switch 4\n>p1 move taunt\n>p2 move foulplay\n>p1 move ironhead\n>p2 move foulplay\n>p1 move ironhead\n>p2 switch 5\n>p1 switch 5\n>p2 move wavecrash\n>p1 move calmmind\n>p2 switch 4\n>p1 move scald\n>p2 move irondefense\n>p1 move scald\n>p2 move bodypress\n>p2 switch 3\n>p1 move psychicnoise\n>p2 move haze\n>p2 switch 5\n>p1 switch 5\n>p2 move toxic\n>p1 move swordsdance\n>p2 switch 4\n>forcelose p2", "uploadtime": 1782805003, "views": 3, "formatid": "gen9randombattle", "rating": null, "private": 0, "password": null, "player_dets": [{"name": "Gerku", "avatar": "170", "rating": 2112, "seed": "sodium,2f545dcc5b61db220a12b72ff4d86b0c"}, {"name": "Dizay976", "avatar": "yellow", "rating": 2205, "seed": "sodium,35609dad13c380bd8a0fe94a23ffbb1c"}], "teams_full": [{"Cacturne": {"name": "Cacturne", "species": "Cacturne", "speciesId": "cacturne", "gender": "F", "shiny": false, "level": 92, "moves": ["focusblast", "leafstorm", "suckerpunch", "knockoff"], "ability": "Water Absorb", "evs": {"hp": 85, "atk": 85, "def": 85, "spa": 85, "spd": 85, "spe": 85}, "ivs": {"hp": 31, "atk": 31, "def": 31, "spa": 31, "spd": 31, "spe": 31}, "item": "Life Orb", "teraType": "Dark", "role": "Wallbreaker", "bvs": {"hp": 70, "atk": 115, "def": 60, "spa": 115, "spd": 60, "spe": 55}, "stats": {"hp": 278, "atk": 264, "def": 163, "spa": 264, "spd": 163, "spe": 154}, "types": ["Grass", "Dark"]}, "Rhyperior": {"name": "Rhyperior", "species": "Rhyperior", "speciesId": "rhyperior", "gender": "M", "shiny": false, "level": 82, "moves": ["icepunch", "earthquake", "megahorn", "stoneedge"], "ability": "Solid Rock", "evs": {"hp": 85, "atk": 85, "def": 85, "spa": 85, "spd": 85, "spe": 85}, "ivs": {"hp": 31, "atk": 31, "def": 31, "spa": 31, "spd": 31, "spe": 31}, "item": "Choice Band", "teraType": "Steel", "role": "Bulky Attacker", "bvs": {"hp": 115, "atk": 140, "def": 130, "spa": 55, "spd": 55, "spe": 40}, "stats": {"hp": 323, "atk": 277, "def": 260, "spa": 137, "spd": 137, "spe": 113}, "types": ["Ground", "Rock"]}, "Cobalion": {"name": "Cobalion", "species": "Cobalion", "speciesId": "cobalion", "gender": "N", "shiny": false, "level": 80, "moves": ["taunt", "ironhead", "closecombat", "swordsdance"], "ability": "Justified", "evs": {"hp": 85, "atk": 85, "def": 85, "spa": 85, "spd": 85, "spe": 85}, "ivs": {"hp": 31, "atk": 31, "def": 31, "spa": 31, "spd": 31, "spe": 31}, "item": "Leftovers", "teraType": "Fighting", "role": "Fast Bulky Setup", "bvs": {"hp": 91, "atk": 90, "def": 129, "spa": 90, "spd": 72, "spe": 108}, "stats": {"hp": 277, "atk": 190, "def": 253, "spa": 190, "spd": 161, "spe": 219}, "types": ["Steel", "Fighting"]}, "Raging Bolt": {"name": "Raging Bolt", "species": "Raging Bolt", "speciesId": "ragingbolt", "gender": "N", "shiny": false, "level": 78, "moves": ["dragonpulse", "thunderbolt", "thunderclap", "calmmind"], "ability": "Protosynthesis", "evs": {"hp": 85, "atk": 0, "def": 85, "spa": 85, "spd": 85, "spe": 85}, "ivs": {"hp": 31, "atk": 0, "def": 31, "spa": 31, "spd": 31, "spe": 31}, "item": "Booster Energy", "teraType": "Electric", "role": "Fast Bulky Setup", "bvs": {"hp": 125, "atk": 73, "def": 91, "spa": 137, "spd": 89, "spe": 75}, "stats": {"hp": 323, "atk": 118, "def": 187, "spa": 259, "spd": 184, "spe": 162}, "types": ["Electric", "Dragon"]}, "Vikavolt": {"name": "Vikavolt", "species": "Vikavolt", "speciesId": "vikavolt", "gender": "M", "shiny": false, "level": 83, "moves": ["discharge", "bugbuzz", "stickyweb", "energyball"], "ability": "Levitate", "evs": {"hp": 85, "atk": 0, "def": 85, "spa": 85, "spd": 85, "spe": 85}, "ivs": {"hp": 31, "atk": 0, "def": 31, "spa": 31, "spd": 31, "spe": 31}, "item": "Heavy-Duty Boots", "teraType": "Electric", "role": "Bulky Support", "bvs": {"hp": 77, "atk": 70, "def": 90, "spa": 145, "spd": 75, "spe": 43}, "stats": {"hp": 263, "atk": 121, "def": 197, "spa": 288, "spd": 172, "spe": 119}, "types": ["Bug", "Electric"]}, "Slowbro": {"name": "Slowbro", "species": "Slowbro", "speciesId": "slowbro", "gender": "F", "shiny": false, "level": 85, "moves": ["calmmind", "slackoff", "scald", "psychicnoise"], "ability": "Regenerator", "evs": {"hp": 85, "atk": 0, "def": 85, "spa": 85, "spd": 85, "spe": 85}, "ivs": {"hp": 31, "atk": 0, "def": 31, "spa": 31, "spd": 31, "spe": 31}, "item": "Rocky Helmet", "teraType": "Poison", "role": "Bulky Attacker", "bvs": {"hp": 95, "atk": 75, "def": 110, "spa": 100, "spd": 80, "spe": 30}, "stats": {"hp": 300, "atk": 132, "def": 236, "spa": 219, "spd": 185, "spe": 100}, "types": ["Water", "Psychic"]}}, {"Registeel": {"name": "Registeel", "species": "Registeel", "speciesId": "registeel", "gender": "N", "shiny": false, "level": 81, "moves": ["irondefense", "ironhead", "bodypress", "rest"], "ability": "Clear Body", "evs": {"hp": 85, "atk": 85, "def": 85, "spa": 85, "spd": 85, "spe": 85}, "ivs": {"hp": 31, "atk": 31, "def": 31, "spa": 31, "spd": 31, "spe": 31}, "item": "Chesto Berry", "teraType": "Fighting", "role": "Bulky Setup", "bvs": {"hp": 80, "atk": 75, "def": 150, "spa": 75, "spd": 150, "spe": 50}, "stats": {"hp": 262, "atk": 168, "def": 290, "spa": 168, "spd": 290, "spe": 128}, "types": ["Steel"]}, "Umbreon": {"name": "Umbreon", "species": "Umbreon", "speciesId": "umbreon", "gender": "F", "shiny": false, "level": 84, "moves": ["toxic", "protect", "wish", "foulplay"], "ability": "Synchronize", "evs": {"hp": 85, "atk": 0, "def": 85, "spa": 85, "spd": 85, "spe": 85}, "ivs": {"hp": 31, "atk": 0, "def": 31, "spa": 31, "spd": 31, "spe": 31}, "item": "Leftovers", "teraType": "Poison", "role": "Bulky Support", "bvs": {"hp": 95, "atk": 65, "def": 110, "spa": 60, "spd": 130, "spe": 65}, "stats": {"hp": 297, "atk": 114, "def": 233, "spa": 149, "spd": 267, "spe": 157}, "types": ["Dark"]}, "Dondozo": {"name": "Dondozo", "species": "Dondozo", "speciesId": "dondozo", "gender": "M", "shiny": false, "level": 78, "moves": ["rest", "sleeptalk", "curse", "wavecrash"], "ability": "Unaware", "evs": {"hp": 85, "atk": 85, "def": 85, "spa": 85, "spd": 85, "spe": 85}, "ivs": {"hp": 31, "atk": 31, "def": 31, "spa": 31, "spd": 31, "spe": 31}, "item": "Leftovers", "teraType": "Dragon", "role": "Bulky Setup", "bvs": {"hp": 150, "atk": 100, "def": 115, "spa": 65, "spd": 65, "spe": 35}, "stats": {"hp": 362, "atk": 201, "def": 224, "spa": 146, "spd": 146, "spe": 100}, "types": ["Water"]}, "Volcanion": {"name": "Volcanion", "species": "Volcanion", "speciesId": "volcanion", "gender": "N", "shiny": false, "level": 79, "moves": ["sludgebomb", "haze", "steameruption", "flamethrower"], "ability": "Water Absorb", "evs": {"hp": 85, "atk": 0, "def": 85, "spa": 85, "spd": 85, "spe": 85}, "ivs": {"hp": 31, "atk": 0, "def": 31, "spa": 31, "spd": 31, "spe": 31}, "item": "Heavy-Duty Boots", "teraType": "Fire", "role": "Bulky Attacker", "bvs": {"hp": 80, "atk": 110, "def": 120, "spa": 130, "spd": 90, "spe": 70}, "stats": {"hp": 256, "atk": 178, "def": 235, "spa": 251, "spd": 188, "spe": 156}, "types": ["Fire", "Water"]}, "Torterra": {"name": "Torterra", "species": "Torterra", "speciesId": "torterra", "gender": "F", "shiny": false, "level": 78, "moves": ["headlongrush", "bulletseed", "shellsmash", "rockblast"], "ability": "Overgrow", "evs": {"hp": 85, "atk": 85, "def": 85, "spa": 85, "spd": 85, "spe": 85}, "ivs": {"hp": 31, "atk": 31, "def": 31, "spa": 31, "spd": 31, "spe": 31}, "item": "Loaded Dice", "teraType": "Water", "role": "Setup Sweeper", "bvs": {"hp": 95, "atk": 109, "def": 105, "spa": 75, "spd": 85, "spe": 56}, "stats": {"hp": 276, "atk": 215, "def": 209, "spa": 162, "spd": 178, "spe": 132}, "types": ["Grass", "Ground"]}, "Mimikyu": {"name": "Mimikyu", "species": "Mimikyu", "speciesId": "mimikyu", "gender": "M", "shiny": false, "level": 79, "moves": ["shadowclaw", "playrough", "shadowsneak", "swordsdance"], "ability": "Disguise", "evs": {"hp": 85, "atk": 85, "def": 85, "spa": 85, "spd": 85, "spe": 85}, "ivs": {"hp": 31, "atk": 31, "def": 31, "spa": 31, "spd": 31, "spe": 31}, "item": "Life Orb", "teraType": "Ghost", "role": "Fast Bulky Setup", "bvs": {"hp": 55, "atk": 90, "def": 80, "spa": 50, "spd": 105, "spe": 96}, "stats": {"hp": 216, "atk": 188, "def": 172, "spa": 125, "spd": 211, "spe": 197}, "types": ["Ghost", "Fairy"]}}]}