{"id": "gen9randombattle-2641228354", "format": "[Gen 9] Random Battle", "players": ["Nen_sei", "Scrubland"], "log": "|j|\u2606Nen_sei\n|j|\u2606Scrubland\n|t:|1782756330\n|gametype|singles\n|player|p1|Nen_sei|swimmerf-gen4|1571\n|player|p2|Scrubland|169|1603\n|gen|9\n|tier|[Gen 9] Random Battle\n|rated|\n|rule|Species Clause: Limit one of each Pok\u00e9mon\n|rule|HP Percentage Mod: HP is shown in percentages\n|rule|Sleep Clause Mod: Limit one foe put to sleep\n|rule|Illusion Level Mod: Illusion disguises the Pok\u00e9mon's true level\n|\n|t:|1782756330\n|teamsize|p1|6\n|teamsize|p2|6\n|start\n|switch|p1a: Giratina|Giratina, L75|349/349\n|switch|p2a: Lumineon|Lumineon, L93, M|279/279\n|-ability|p1a: Giratina|Pressure\n|turn|1\n|inactive|Battle timer is ON: inactive players will automatically lose when time's up. (requested by Scrubland)\n|\n|t:|1782756368\n|move|p2a: Lumineon|Ice Beam|p1a: Giratina\n|-supereffective|p1a: Giratina\n|-damage|p1a: Giratina|233/349\n|move|p1a: Giratina|Calm Mind|p1a: Giratina\n|-boost|p1a: Giratina|spa|1\n|-boost|p1a: Giratina|spd|1\n|\n|-heal|p1a: Giratina|254/349|[from] item: Leftovers\n|upkeep\n|turn|2\n|\n|t:|1782756381\n|switch|p1a: Empoleon|Empoleon, L84, F|278/278\n|move|p2a: Lumineon|Encore||[still]\n|-fail|p2a: Lumineon\n|\n|upkeep\n|turn|3\n|\n|t:|1782756389\n|move|p2a: Lumineon|U-turn|p1a: Empoleon\n|-resisted|p1a: Empoleon\n|-damage|p1a: Empoleon|256/278\n|\n|t:|1782756394\n|switch|p2a: Samurott|Samurott, L88, F|310/310|[from] U-turn\n|move|p1a: Empoleon|Roar|p2a: Samurott\n|drag|p2a: Hippowdon|Hippowdon, L82, F|311/311\n|-weather|Sandstorm|[from] ability: Sand Stream|[of] p2a: Hippowdon\n|\n|-weather|Sandstorm|[upkeep]\n|-heal|p1a: Empoleon|273/278|[from] item: Leftovers\n|upkeep\n|turn|4\n|\n|t:|1782756413\n|switch|p2a: Lumineon|Lumineon, L93, M|279/279\n|move|p1a: Empoleon|Stealth Rock|p2a: Lumineon\n|-sidestart|p2: Scrubland|move: Stealth Rock\n|\n|-weather|Sandstorm|[upkeep]\n|-damage|p2a: Lumineon|262/279|[from] Sandstorm\n|-heal|p1a: Empoleon|278/278|[from] item: Leftovers\n|upkeep\n|turn|5\n|\n|t:|1782756421\n|switch|p1a: Granbull|Granbull, L88, F|302/302\n|-ability|p1a: Granbull|Intimidate|boost\n|-unboost|p2a: Lumineon|atk|1\n|move|p2a: Lumineon|Encore||[still]\n|-fail|p2a: Lumineon\n|\n|-weather|Sandstorm|[upkeep]\n|-damage|p2a: Lumineon|245/279|[from] Sandstorm\n|-damage|p1a: Granbull|284/302|[from] Sandstorm\n|-heal|p1a: Granbull|302/302|[from] item: Leftovers\n|upkeep\n|turn|6\n|\n|t:|1782756431\n|move|p2a: Lumineon|U-turn|p1a: Granbull\n|-resisted|p1a: Granbull\n|-damage|p1a: Granbull|283/302\n|\n|t:|1782756434\n|switch|p2a: Hippowdon|Hippowdon, L82, F|311/311|[from] U-turn\n|-damage|p2a: Hippowdon|292/311|[from] Stealth Rock\n|move|p1a: Granbull|Thunder Wave|p2a: Hippowdon\n|-immune|p2a: Hippowdon\n|\n|-weather|Sandstorm|[upkeep]\n|-damage|p1a: Granbull|265/302|[from] Sandstorm\n|-heal|p1a: Granbull|283/302|[from] item: Leftovers\n|upkeep\n|turn|7\n|\n|t:|1782756441\n|move|p2a: Hippowdon|Stealth Rock|p1a: Granbull\n|-sidestart|p1: Nen_sei|move: Stealth Rock\n|move|p1a: Granbull|Roar|p2a: Hippowdon\n|drag|p2a: Greedent|Greedent, L86, F|347/347\n|-damage|p2a: Greedent|304/347|[from] Stealth Rock\n|\n|-weather|none\n|-heal|p1a: Granbull|301/302|[from] item: Leftovers\n|upkeep\n|turn|8\n|\n|t:|1782756452\n|switch|p2a: Hippowdon|Hippowdon, L82, F|292/311\n|-damage|p2a: Hippowdon|273/311|[from] Stealth Rock\n|-weather|Sandstorm|[from] ability: Sand Stream|[of] p2a: Hippowdon\n|move|p1a: Granbull|Roar|p2a: Hippowdon\n|drag|p2a: Lumineon|Lumineon, L93, M|245/279\n|\n|-weather|Sandstorm|[upkeep]\n|-damage|p2a: Lumineon|228/279|[from] Sandstorm\n|-damage|p1a: Granbull|283/302|[from] Sandstorm\n|-heal|p1a: Granbull|301/302|[from] item: Leftovers\n|upkeep\n|turn|9\n|\n|t:|1782756465\n|move|p2a: Lumineon|U-turn|p1a: Granbull\n|-resisted|p1a: Granbull\n|-damage|p1a: Granbull|275/302\n|\n|t:|1782756468\n|switch|p2a: Hippowdon|Hippowdon, L82, F|273/311|[from] U-turn\n|-damage|p2a: Hippowdon|254/311|[from] Stealth Rock\n|move|p1a: Granbull|Roar|p2a: Hippowdon\n|drag|p2a: Samurott|Samurott, L88, F|310/310\n|-damage|p2a: Samurott|272/310|[from] Stealth Rock\n|\n|-weather|Sandstorm|[upkeep]\n|-damage|p2a: Samurott|253/310|[from] Sandstorm\n|-damage|p1a: Granbull|257/302|[from] Sandstorm\n|-heal|p1a: Granbull|275/302|[from] item: Leftovers\n|upkeep\n|turn|10\n|\n|t:|1782756478\n|switch|p2a: Hippowdon|Hippowdon, L82, F|254/311\n|-damage|p2a: Hippowdon|235/311|[from] Stealth Rock\n|move|p1a: Granbull|Thunder Wave|p2a: Hippowdon\n|-immune|p2a: Hippowdon\n|\n|-weather|Sandstorm|[upkeep]\n|-damage|p1a: Granbull|257/302|[from] Sandstorm\n|-heal|p1a: Granbull|275/302|[from] item: Leftovers\n|upkeep\n|turn|11\n|\n|t:|1782756494\n|move|p2a: Hippowdon|Earthquake|p1a: Granbull\n|-damage|p1a: Granbull|152/302\n|move|p1a: Granbull|Roar|p2a: Hippowdon\n|drag|p2a: Lumineon|Lumineon, L93, M|228/279\n|\n|-weather|Sandstorm|[upkeep]\n|-damage|p2a: Lumineon|211/279|[from] Sandstorm\n|-damage|p1a: Granbull|134/302|[from] Sandstorm\n|-heal|p1a: Granbull|152/302|[from] item: Leftovers\n|upkeep\n|turn|12\n|\n|t:|1782756504\n|move|p2a: Lumineon|Encore|p1a: Granbull\n|-start|p1a: Granbull|Encore\n|move|p1a: Granbull|Roar|p2a: Lumineon\n|drag|p2a: Greedent|Greedent, L86, F|304/347\n|-damage|p2a: Greedent|261/347|[from] Stealth Rock\n|\n|-weather|none\n|-heal|p1a: Granbull|170/302|[from] item: Leftovers\n|upkeep\n|turn|13\n|\n|t:|1782756511\n|move|p2a: Greedent|Double-Edge|p1a: Granbull\n|-damage|p1a: Granbull|35/302\n|-damage|p2a: Greedent|216/347|[from] Recoil\n|move|p1a: Granbull|Roar|p2a: Greedent\n|drag|p2a: Copperajah|Copperajah, L86, M|350/350\n|-damage|p2a: Copperajah|329/350|[from] Stealth Rock\n|\n|-heal|p1a: Granbull|53/302|[from] item: Leftovers\n|upkeep\n|turn|14\n|\n|t:|1782756520\n|move|p2a: Copperajah|Iron Head|p1a: Granbull\n|-supereffective|p1a: Granbull\n|-damage|p1a: Granbull|0 fnt\n|faint|p1a: Granbull\n|\n|upkeep\n|\n|t:|1782756548\n|switch|p1a: Gurdurr|Gurdurr, L85, F|283/283\n|-damage|p1a: Gurdurr|266/283|[from] Stealth Rock\n|turn|15\n|\n|t:|1782756559\n|move|p1a: Gurdurr|Drain Punch|p2a: Copperajah\n|-supereffective|p2a: Copperajah\n|-damage|p2a: Copperajah|117/350\n|-heal|p1a: Gurdurr|283/283|[from] drain|[of] p2a: Copperajah\n|move|p2a: Copperajah|Play Rough|p1a: Gurdurr\n|-supereffective|p1a: Gurdurr\n|-damage|p1a: Gurdurr|93/283\n|\n|upkeep\n|turn|16\n|\n|t:|1782756570\n|move|p1a: Gurdurr|Drain Punch|p2a: Copperajah\n|-supereffective|p2a: Copperajah\n|-damage|p2a: Copperajah|0 fnt\n|-heal|p1a: Gurdurr|152/283|[from] drain|[of] p2a: Copperajah\n|faint|p2a: Copperajah\n|\n|upkeep\n|\n|t:|1782756573\n|switch|p2a: Hippowdon|Hippowdon, L82, F|235/311\n|-damage|p2a: Hippowdon|216/311|[from] Stealth Rock\n|-weather|Sandstorm|[from] ability: Sand Stream|[of] p2a: Hippowdon\n|turn|17\n|\n|t:|1782756583\n|move|p2a: Hippowdon|Slack Off|p2a: Hippowdon\n|-heal|p2a: Hippowdon|311/311\n|move|p1a: Gurdurr|Drain Punch|p2a: Hippowdon\n|-damage|p2a: Hippowdon|238/311\n|-heal|p1a: Gurdurr|189/283|[from] drain|[of] p2a: Hippowdon\n|-damage|p1a: Gurdurr|142/283|[from] item: Rocky Helmet|[of] p2a: Hippowdon\n|\n|-weather|Sandstorm|[upkeep]\n|-damage|p1a: Gurdurr|125/283|[from] Sandstorm\n|upkeep\n|turn|18\n|\n|t:|1782756595\n|switch|p1a: Giratina|Giratina, L75|254/349\n|-damage|p1a: Giratina|211/349|[from] Stealth Rock\n|-ability|p1a: Giratina|Pressure\n|move|p2a: Hippowdon|Earthquake|p1a: Giratina\n|-damage|p1a: Giratina|115/349\n|\n|-weather|Sandstorm|[upkeep]\n|-damage|p1a: Giratina|94/349|[from] Sandstorm\n|-heal|p1a: Giratina|115/349|[from] item: Leftovers\n|upkeep\n|turn|19\n|\n|t:|1782756604\n|switch|p2a: Lumineon|Lumineon, L93, M|211/279\n|move|p1a: Giratina|Rest|p1a: Giratina\n|-status|p1a: Giratina|slp|[from] move: Rest\n|-heal|p1a: Giratina|349/349 slp|[silent]\n|\n|-weather|Sandstorm|[upkeep]\n|-damage|p2a: Lumineon|194/279|[from] Sandstorm\n|-damage|p1a: Giratina|328/349 slp|[from] Sandstorm\n|-heal|p1a: Giratina|349/349 slp|[from] item: Leftovers\n|upkeep\n|turn|20\n|\n|t:|1782756612\n|move|p2a: Lumineon|Encore|p1a: Giratina\n|-start|p1a: Giratina|Encore\n|cant|p1a: Giratina|slp\n|\n|-weather|Sandstorm|[upkeep]\n|-damage|p2a: Lumineon|177/279|[from] Sandstorm\n|-damage|p1a: Giratina|328/349 slp|[from] Sandstorm\n|-heal|p1a: Giratina|349/349 slp|[from] item: Leftovers\n|upkeep\n|turn|21\n|\n|t:|1782756621\n|switch|p1a: Empoleon|Empoleon, L84, F|278/278\n|-damage|p1a: Empoleon|261/278|[from] Stealth Rock\n|move|p2a: Lumineon|Ice Beam|p1a: Empoleon\n|-resisted|p1a: Empoleon\n|-damage|p1a: Empoleon|248/278\n|\n|-weather|none\n|-heal|p1a: Empoleon|265/278|[from] item: Leftovers\n|upkeep\n|turn|22\n|\n|t:|1782756633\n|move|p2a: Lumineon|U-turn|p1a: Empoleon\n|-resisted|p1a: Empoleon\n|-damage|p1a: Empoleon|243/278\n|\n|t:|1782756636\n|switch|p2a: Samurott|Samurott, L88, F|253/310|[from] U-turn\n|-damage|p2a: Samurott|215/310|[from] Stealth Rock\n|move|p1a: Empoleon|Surf|p2a: Samurott\n|-resisted|p2a: Samurott\n|-damage|p2a: Samurott|176/310\n|\n|-heal|p1a: Empoleon|260/278|[from] item: Leftovers\n|upkeep\n|turn|23\n|\n|t:|1782756642\n|move|p2a: Samurott|Knock Off|p1a: Empoleon\n|-damage|p1a: Empoleon|177/278\n|-enditem|p1a: Empoleon|Leftovers|[from] move: Knock Off|[of] p2a: Samurott\n|move|p1a: Empoleon|Roar|p2a: Samurott\n|drag|p2a: Drifblim|Drifblim, L86, M|398/398\n|\n|upkeep\n|turn|24\n|\n|t:|1782756651\n|move|p2a: Drifblim|Shadow Ball|p1a: Empoleon\n|-damage|p1a: Empoleon|101/278\n|move|p1a: Empoleon|Surf|p2a: Drifblim\n|-damage|p2a: Drifblim|242/398\n|\n|upkeep\n|turn|25\n|\n|t:|1782756659\n|move|p2a: Drifblim|Shadow Ball|p1a: Empoleon\n|-damage|p1a: Empoleon|31/278\n|move|p1a: Empoleon|Roost|p1a: Empoleon\n|-heal|p1a: Empoleon|170/278\n|-singleturn|p1a: Empoleon|move: Roost\n|\n|upkeep\n|turn|26\n|\n|t:|1782756665\n|move|p2a: Drifblim|Shadow Ball|p1a: Empoleon\n|-damage|p1a: Empoleon|88/278\n|-unboost|p1a: Empoleon|spd|1\n|-ability|p1a: Empoleon|Competitive|boost\n|-boost|p1a: Empoleon|spa|2\n|move|p1a: Empoleon|Surf|p2a: Drifblim\n|-damage|p2a: Drifblim|0 fnt\n|faint|p2a: Drifblim\n|\n|upkeep\n|\n|t:|1782756686\n|switch|p2a: Samurott|Samurott, L88, F|176/310\n|-damage|p2a: Samurott|138/310|[from] Stealth Rock\n|turn|27\n|\n|t:|1782756691\n|move|p2a: Samurott|Hydro Pump|p1a: Empoleon\n|-resisted|p1a: Empoleon\n|-damage|p1a: Empoleon|0 fnt\n|faint|p1a: Empoleon\n|\n|upkeep\n|\n|t:|1782756703\n|switch|p1a: Giratina|Giratina, L75|349/349 slp\n|-damage|p1a: Giratina|306/349 slp|[from] Stealth Rock\n|-ability|p1a: Giratina|Pressure\n|turn|28\n|\n|t:|1782756706\n|cant|p1a: Giratina|slp\n|move|p1a: Giratina|Sleep Talk|p1a: Giratina\n|move|p1a: Giratina|Dragon Pulse|p2a: Samurott|[from] move: Sleep Talk\n|-damage|p2a: Samurott|75/310\n|move|p2a: Samurott|Knock Off|p1a: Giratina\n|-supereffective|p1a: Giratina\n|-damage|p1a: Giratina|170/349 slp\n|-enditem|p1a: Giratina|Leftovers|[from] move: Knock Off|[of] p2a: Samurott\n|\n|upkeep\n|turn|29\n|\n|t:|1782756715\n|-curestatus|p1a: Giratina|slp|[msg]\n|move|p1a: Giratina|Sleep Talk||[still]\n|-fail|p1a: Giratina\n|move|p2a: Samurott|Ice Beam|p1a: Giratina\n|-supereffective|p1a: Giratina\n|-damage|p1a: Giratina|30/349\n|\n|upkeep\n|turn|30\n|\n|t:|1782756723\n|move|p1a: Giratina|Dragon Pulse|p2a: Samurott\n|-damage|p2a: Samurott|23/310\n|move|p2a: Samurott|Ice Beam|p1a: Giratina\n|-supereffective|p1a: Giratina\n|-damage|p1a: Giratina|0 fnt\n|faint|p1a: Giratina\n|\n|upkeep\n|\n|t:|1782756736\n|switch|p1a: Gurdurr|Gurdurr, L85, F|125/283\n|-damage|p1a: Gurdurr|108/283|[from] Stealth Rock\n|turn|31\n|\n|t:|1782756741\n|move|p1a: Gurdurr|Mach Punch|p2a: Samurott\n|-damage|p2a: Samurott|0 fnt\n|faint|p2a: Samurott\n|\n|upkeep\n|\n|t:|1782756746\n|switch|p2a: Lumineon|Lumineon, L93, M|177/279\n|turn|32\n|\n|t:|1782756754\n|switch|p1a: Espathra|Espathra, L80, M|283/283\n|-damage|p1a: Espathra|248/283|[from] Stealth Rock\n|move|p2a: Lumineon|Hydro Pump|p1a: Espathra\n|-damage|p1a: Espathra|95/283\n|\n|upkeep\n|turn|33\n|\n|t:|1782756761\n|move|p2a: Lumineon|Hydro Pump|p1a: Espathra\n|-damage|p1a: Espathra|0 fnt\n|faint|p1a: Espathra\n|\n|upkeep\n|\n|t:|1782756774\n|switch|p1a: Deoxys|Deoxys-Speed, L82|216/216\n|-damage|p1a: Deoxys|189/216|[from] Stealth Rock\n|-ability|p1a: Deoxys|Pressure\n|turn|34\n|\n|t:|1782756792\n|move|p1a: Deoxys|Knock Off|p2a: Lumineon\n|-damage|p2a: Lumineon|91/279\n|-enditem|p2a: Lumineon|Heavy-Duty Boots|[from] move: Knock Off|[of] p1a: Deoxys\n|-damage|p1a: Deoxys|168/216|[from] item: Life Orb\n|move|p2a: Lumineon|Hydro Pump|p1a: Deoxys|[miss]\n|-miss|p2a: Lumineon|p1a: Deoxys\n|\n|upkeep\n|turn|35\n|\n|t:|1782756806\n|move|p1a: Deoxys|Superpower|p2a: Lumineon\n|-crit|p2a: Lumineon\n|-damage|p2a: Lumineon|0 fnt\n|-unboost|p1a: Deoxys|atk|1\n|-unboost|p1a: Deoxys|def|1\n|faint|p2a: Lumineon\n|-damage|p1a: Deoxys|147/216|[from] item: Life Orb\n|\n|upkeep\n|\n|t:|1782756813\n|switch|p2a: Hippowdon|Hippowdon, L82, F|238/311\n|-damage|p2a: Hippowdon|219/311|[from] Stealth Rock\n|-weather|Sandstorm|[from] ability: Sand Stream|[of] p2a: Hippowdon\n|turn|36\n|\n|t:|1782756820\n|move|p1a: Deoxys|Psycho Boost|p2a: Hippowdon\n|-damage|p2a: Hippowdon|15/311\n|-unboost|p1a: Deoxys|spa|2\n|-damage|p1a: Deoxys|126/216|[from] item: Life Orb\n|move|p2a: Hippowdon|Slack Off|p2a: Hippowdon\n|-heal|p2a: Hippowdon|171/311\n|\n|-weather|Sandstorm|[upkeep]\n|-damage|p1a: Deoxys|113/216|[from] Sandstorm\n|upkeep\n|turn|37\n|\n|t:|1782756835\n|switch|p1a: Gurdurr|Gurdurr, L85, F|108/283\n|-damage|p1a: Gurdurr|91/283|[from] Stealth Rock\n|move|p2a: Hippowdon|Slack Off|p2a: Hippowdon\n|-heal|p2a: Hippowdon|311/311\n|\n|-weather|Sandstorm|[upkeep]\n|-damage|p1a: Gurdurr|74/283|[from] Sandstorm\n|upkeep\n|turn|38\n|\n|t:|1782756845\n|move|p2a: Hippowdon|Earthquake|p1a: Gurdurr\n|-damage|p1a: Gurdurr|0 fnt\n|faint|p1a: Gurdurr\n|\n|-weather|Sandstorm|[upkeep]\n|upkeep\n|\n|t:|1782756847\n|switch|p1a: Deoxys|Deoxys-Speed, L82|113/216\n|-damage|p1a: Deoxys|86/216|[from] Stealth Rock\n|-ability|p1a: Deoxys|Pressure\n|turn|39\n|\n|t:|1782756854\n|move|p1a: Deoxys|Psycho Boost|p2a: Hippowdon\n|-damage|p2a: Hippowdon|99/311\n|-unboost|p1a: Deoxys|spa|2\n|-damage|p1a: Deoxys|65/216|[from] item: Life Orb\n|move|p2a: Hippowdon|Earthquake|p1a: Deoxys\n|-crit|p1a: Deoxys\n|-damage|p1a: Deoxys|0 fnt\n|faint|p1a: Deoxys\n|\n|win|Scrubland\n|raw|Nen_sei's rating: 1571 &rarr; <strong>1553</strong><br />(-18 for losing)\n|raw|Scrubland's rating: 1603 &rarr; <strong>1621</strong><br />(+18 for winning)\n|c|\u2606Scrubland|gg\n|l|\u2606Nen_sei\n|player|p1|\n", "inputlog": ">version f8ac14003a5f27e1bdc8d8c59608a773c1cb96e5\n>start {\"formatid\":\"gen9randombattle\",\"seed\":\"sodium,11e7af2032ca90cfe94759cd47a5d905\",\"rated\":\"Rated battle\"}\n>player p1 {\"name\":\"Nen_sei\",\"avatar\":\"swimmerf-gen4\",\"rating\":1571,\"seed\":\"sodium,eed29155c5eb5a3af6bf9a3ff68c8169\"}\n>player p2 {\"name\":\"Scrubland\",\"avatar\":\"169\",\"rating\":1603,\"seed\":\"sodium,b77ed49b9d45c601cc51943280a42427\"}\n>p1 move calmmind\n>p2 move icebeam\n>p1 switch 2\n>p2 move encore\n>p1 move roar\n>p2 move uturn\n>p2 switch 2\n>p1 move stealthrock\n>p2 switch 2\n>p1 switch 5\n>p2 move encore\n>p1 move thunderwave\n>p2 move uturn\n>p2 switch 2\n>p1 move roar\n>p2 move stealthrock\n>p1 move roar\n>p2 switch 4\n>p1 move roar\n>p2 move uturn\n>p2 switch 2\n>p1 move thunderwave\n>p2 switch 3\n>p1 move roar\n>p2 move earthquake\n>p1 move roar\n>p2 move encore\n>p1 move roar\n>p2 move doubleedge\n>p1 move roar\n>p2 move ironhead\n>p1 switch 4\n>p1 move drainpunch\n>p2 move playrough\n>p1 move drainpunch\n>p2 move playrough\n>p2 switch 2\n>p1 move drainpunch\n>p2 move slackoff\n>p1 switch 2\n>p2 move earthquake\n>p1 move rest\n>p2 switch 4\n>p1 move sleeptalk\n>p2 move encore\n>p1 switch 5\n>p2 move icebeam\n>p1 move surf\n>p2 move uturn\n>p2 switch 3\n>p1 move roar\n>p2 move knockoff\n>p1 move surf\n>p2 move shadowball\n>p1 move roost\n>p2 move shadowball\n>p1 move surf\n>p2 move shadowball\n>p2 switch 6\n>p1 move roost\n>p2 move hydropump\n>p1 switch 5\n>p1 move sleeptalk\n>p2 move knockoff\n>p1 move sleeptalk\n>p2 move icebeam\n>p1 move dragonpulse\n>p2 move icebeam\n>p1 switch 2\n>p1 move machpunch\n>p2 move hydropump\n>p2 switch 3\n>p1 switch 3\n>p2 move hydropump\n>p1 move luminacrash\n>p2 move hydropump\n>p1 switch 6\n>p1 move knockoff\n>p2 move hydropump\n>p1 move superpower\n>p2 move hydropump\n>p2 switch 4\n>p1 move psychoboost\n>p2 move slackoff\n>p1 switch 3\n>p2 move slackoff\n>p1 move knockoff\n>p2 move earthquake\n>p1 switch 3\n>p1 move psychoboost\n>p2 move earthquake", "uploadtime": 1782756863, "views": 5, "formatid": "gen9randombattle", "rating": 1553, "private": 0, "password": null, "player_dets": [{"name": "Nen_sei", "avatar": "swimmerf-gen4", "rating": 1571, "seed": "sodium,eed29155c5eb5a3af6bf9a3ff68c8169"}, {"name": "Scrubland", "avatar": "169", "rating": 1603, "seed": "sodium,b77ed49b9d45c601cc51943280a42427"}], "teams_full": [{"Giratina": {"name": "Giratina", "species": "Giratina", "speciesId": "giratina", "gender": "N", "shiny": false, "level": 75, "moves": ["calmmind", "dragonpulse", "sleeptalk", "rest"], "ability": "Pressure", "evs": {"hp": 85, "atk": 0, "def": 85, "spa": 85, "spd": 85, "spe": 85}, "ivs": {"hp": 31, "atk": 0, "def": 31, "spa": 31, "spd": 31, "spe": 31}, "item": "Leftovers", "teraType": "Fairy", "role": "Bulky Setup", "bvs": {"hp": 150, "atk": 100, "def": 120, "spa": 100, "spd": 120, "spe": 90}, "stats": {"hp": 349, "atk": 155, "def": 224, "spa": 194, "spd": 224, "spe": 179}, "types": ["Ghost", "Dragon"]}, "Empoleon": {"name": "Empoleon", "species": "Empoleon", "speciesId": "empoleon", "gender": "F", "shiny": false, "level": 84, "moves": ["stealthrock", "roost", "roar", "surf"], "ability": "Competitive", "evs": {"hp": 85, "atk": 0, "def": 85, "spa": 85, "spd": 85, "spe": 85}, "ivs": {"hp": 31, "atk": 0, "def": 31, "spa": 31, "spd": 31, "spe": 31}, "item": "Leftovers", "teraType": "Flying", "role": "Bulky Support", "bvs": {"hp": 84, "atk": 86, "def": 88, "spa": 111, "spd": 101, "spe": 60}, "stats": {"hp": 278, "atk": 149, "def": 196, "spa": 235, "spd": 218, "spe": 149}, "types": ["Water", "Steel"]}, "Espathra": {"name": "Espathra", "species": "Espathra", "speciesId": "espathra", "gender": "M", "shiny": false, "level": 80, "moves": ["luminacrash", "dazzlinggleam", "uturn", "shadowball"], "ability": "Speed Boost", "evs": {"hp": 85, "atk": 85, "def": 85, "spa": 85, "spd": 85, "spe": 85}, "ivs": {"hp": 31, "atk": 31, "def": 31, "spa": 31, "spd": 31, "spe": 31}, "item": "Choice Specs", "teraType": "Psychic", "role": "Wallbreaker", "bvs": {"hp": 95, "atk": 60, "def": 60, "spa": 101, "spd": 60, "spe": 105}, "stats": {"hp": 283, "atk": 142, "def": 142, "spa": 208, "spd": 142, "spe": 214}, "types": ["Psychic"]}, "Gurdurr": {"name": "Gurdurr", "species": "Gurdurr", "speciesId": "gurdurr", "gender": "F", "shiny": false, "level": 85, "moves": ["defog", "machpunch", "knockoff", "drainpunch"], "ability": "Guts", "evs": {"hp": 85, "atk": 85, "def": 85, "spa": 85, "spd": 85, "spe": 85}, "ivs": {"hp": 31, "atk": 31, "def": 31, "spa": 31, "spd": 31, "spe": 31}, "item": "Eviolite", "teraType": "Steel", "role": "Bulky Attacker", "bvs": {"hp": 85, "atk": 105, "def": 85, "spa": 40, "spd": 50, "spe": 40}, "stats": {"hp": 283, "atk": 227, "def": 193, "spa": 117, "spd": 134, "spe": 117}, "types": ["Fighting"]}, "Granbull": {"name": "Granbull", "species": "Granbull", "speciesId": "granbull", "gender": "F", "shiny": false, "level": 88, "moves": ["playrough", "thunderwave", "earthquake", "roar"], "ability": "Intimidate", "evs": {"hp": 85, "atk": 85, "def": 85, "spa": 85, "spd": 85, "spe": 85}, "ivs": {"hp": 31, "atk": 31, "def": 31, "spa": 31, "spd": 31, "spe": 31}, "item": "Leftovers", "teraType": "Ground", "role": "Bulky Support", "bvs": {"hp": 90, "atk": 120, "def": 75, "spa": 60, "spd": 60, "spe": 45}, "stats": {"hp": 302, "atk": 261, "def": 182, "spa": 156, "spd": 156, "spe": 129}, "types": ["Fairy"]}, "Deoxys": {"name": "Deoxys", "species": "Deoxys-Speed", "speciesId": "deoxysspeed", "gender": "N", "shiny": false, "level": 82, "moves": ["psychoboost", "superpower", "knockoff", "taunt"], "ability": "Pressure", "evs": {"hp": 85, "atk": 85, "def": 85, "spa": 85, "spd": 85, "spe": 85}, "ivs": {"hp": 31, "atk": 31, "def": 31, "spa": 31, "spd": 31, "spe": 31}, "item": "Life Orb", "teraType": "Ghost", "role": "Fast Support", "bvs": {"hp": 50, "atk": 95, "def": 90, "spa": 95, "spd": 90, "spe": 180}, "stats": {"hp": 216, "atk": 203, "def": 195, "spa": 203, "spd": 195, "spe": 342}, "types": ["Psychic"]}}, {"Lumineon": {"name": "Lumineon", "species": "Lumineon", "speciesId": "lumineon", "gender": "M", "shiny": false, "level": 93, "moves": ["uturn", "hydropump", "icebeam", "encore"], "ability": "Storm Drain", "evs": {"hp": 85, "atk": 85, "def": 85, "spa": 85, "spd": 85, "spe": 85}, "ivs": {"hp": 31, "atk": 31, "def": 31, "spa": 31, "spd": 31, "spe": 31}, "item": "Heavy-Duty Boots", "teraType": "Ground", "role": "Fast Support", "bvs": {"hp": 69, "atk": 69, "def": 76, "spa": 69, "spd": 86, "spe": 91}, "stats": {"hp": 279, "atk": 181, "def": 194, "spa": 181, "spd": 213, "spe": 222}, "types": ["Water"]}, "Samurott": {"name": "Samurott", "species": "Samurott", "speciesId": "samurott", "gender": "F", "shiny": false, "level": 88, "moves": ["hydropump", "megahorn", "knockoff", "icebeam"], "ability": "Torrent", "evs": {"hp": 85, "atk": 85, "def": 85, "spa": 85, "spd": 85, "spe": 85}, "ivs": {"hp": 31, "atk": 31, "def": 31, "spa": 31, "spd": 31, "spe": 31}, "item": "Assault Vest", "teraType": "Dark", "role": "AV Pivot", "bvs": {"hp": 95, "atk": 100, "def": 85, "spa": 108, "spd": 70, "spe": 70}, "stats": {"hp": 310, "atk": 226, "def": 200, "spa": 240, "spd": 173, "spe": 173}, "types": ["Water"]}, "Hippowdon": {"name": "Hippowdon", "species": "Hippowdon", "speciesId": "hippowdon", "gender": "F", "shiny": false, "level": 82, "moves": ["stealthrock", "earthquake", "whirlwind", "slackoff"], "ability": "Sand Stream", "evs": {"hp": 85, "atk": 85, "def": 85, "spa": 85, "spd": 85, "spe": 85}, "ivs": {"hp": 31, "atk": 31, "def": 31, "spa": 31, "spd": 31, "spe": 31}, "item": "Rocky Helmet", "teraType": "Rock", "role": "Bulky Support", "bvs": {"hp": 108, "atk": 112, "def": 118, "spa": 68, "spd": 72, "spe": 47}, "stats": {"hp": 311, "atk": 231, "def": 241, "spa": 159, "spd": 165, "spe": 124}, "types": ["Ground"]}, "Greedent": {"name": "Greedent", "species": "Greedent", "speciesId": "greedent", "gender": "F", "shiny": false, "level": 86, "moves": ["doubleedge", "earthquake", "swordsdance", "knockoff"], "ability": "Cheek Pouch", "evs": {"hp": 85, "atk": 85, "def": 85, "spa": 85, "spd": 85, "spe": 85}, "ivs": {"hp": 31, "atk": 31, "def": 31, "spa": 31, "spd": 31, "spe": 31}, "item": "Sitrus Berry", "teraType": "Ghost", "role": "Bulky Setup", "bvs": {"hp": 120, "atk": 95, "def": 95, "spa": 55, "spd": 75, "spe": 20}, "stats": {"hp": 347, "atk": 213, "def": 213, "spa": 144, "spd": 178, "spe": 84}, "types": ["Normal"]}, "Copperajah": {"name": "Copperajah", "species": "Copperajah", "speciesId": "copperajah", "gender": "M", "shiny": false, "level": 86, "moves": ["ironhead", "earthquake", "playrough", "rockslide"], "ability": "Sheer Force", "evs": {"hp": 85, "atk": 85, "def": 85, "spa": 85, "spd": 85, "spe": 85}, "ivs": {"hp": 31, "atk": 31, "def": 31, "spa": 31, "spd": 31, "spe": 31}, "item": "Life Orb", "teraType": "Fairy", "role": "Wallbreaker", "bvs": {"hp": 122, "atk": 130, "def": 69, "spa": 80, "spd": 69, "spe": 30}, "stats": {"hp": 350, "atk": 273, "def": 168, "spa": 187, "spd": 168, "spe": 101}, "types": ["Steel"]}, "Drifblim": {"name": "Drifblim", "species": "Drifblim", "speciesId": "drifblim", "gender": "M", "shiny": false, "level": 86, "moves": ["airslash", "strengthsap", "shadowball", "defog"], "ability": "Aftermath", "evs": {"hp": 85, "atk": 0, "def": 85, "spa": 85, "spd": 85, "spe": 85}, "ivs": {"hp": 31, "atk": 0, "def": 31, "spa": 31, "spd": 31, "spe": 31}, "item": "Heavy-Duty Boots", "teraType": "Dark", "role": "Bulky Attacker", "bvs": {"hp": 150, "atk": 80, "def": 44, "spa": 90, "spd": 54, "spe": 80}, "stats": {"hp": 398, "atk": 142, "def": 125, "spa": 204, "spd": 142, "spe": 187}, "types": ["Ghost", "Flying"]}}]}