{"id": "gen9randombattle-2641081177", "format": "[Gen 9] Random Battle", "players": ["jordanbruno.mkr", "DiamondIyes"], "log": "|j|\u2606jordanbruno.mkr\n|j|\u2606DiamondIyes\n|t:|1782737681\n|gametype|singles\n|player|p1|jordanbruno.mkr|101|1945\n|player|p2|DiamondIyes|az|1948\n|gen|9\n|tier|[Gen 9] Random Battle\n|rated|\n|rule|Species Clause: Limit one of each Pok\u00e9mon\n|rule|HP Percentage Mod: HP is shown in percentages\n|rule|Sleep Clause Mod: Limit one foe put to sleep\n|rule|Illusion Level Mod: Illusion disguises the Pok\u00e9mon's true level\n|\n|t:|1782737681\n|teamsize|p1|6\n|teamsize|p2|6\n|start\n|switch|p1a: Iron Treads|Iron Treads, L77|265/265\n|switch|p2a: Gurdurr|Gurdurr, L85, F|283/283\n|turn|1\n|\n|t:|1782737689\n|-end|p1a: Iron Treads|Quark Drive|[silent]\n|switch|p1a: Qwilfish|Qwilfish, L86, F|252/252\n|-ability|p1a: Qwilfish|Intimidate|boost\n|-unboost|p2a: Gurdurr|atk|1\n|move|p2a: Gurdurr|Bulk Up|p2a: Gurdurr\n|-boost|p2a: Gurdurr|atk|1\n|-boost|p2a: Gurdurr|def|1\n|\n|upkeep\n|turn|2\n|\n|t:|1782737699\n|move|p1a: Qwilfish|Toxic Spikes|p2a: Gurdurr\n|-sidestart|p2: DiamondIyes|move: Toxic Spikes\n|move|p2a: Gurdurr|Knock Off|p1a: Qwilfish\n|-damage|p1a: Qwilfish|179/252\n|-enditem|p1a: Qwilfish|Heavy-Duty Boots|[from] move: Knock Off|[of] p2a: Gurdurr\n|\n|upkeep\n|turn|3\n|\n|t:|1782737708\n|move|p1a: Qwilfish|Flip Turn|p2a: Gurdurr\n|-damage|p2a: Gurdurr|253/283\n|\n|t:|1782737715\n|switch|p1a: Mudsdale|Mudsdale, L83, M|302/302|[from] Flip Turn\n|move|p2a: Gurdurr|Bulk Up|p2a: Gurdurr\n|-boost|p2a: Gurdurr|atk|1\n|-boost|p2a: Gurdurr|def|1\n|\n|upkeep\n|turn|4\n|\n|t:|1782737722\n|move|p2a: Gurdurr|Knock Off|p1a: Mudsdale\n|-damage|p1a: Mudsdale|196/302\n|-ability|p1a: Mudsdale|Stamina|boost\n|-boost|p1a: Mudsdale|def|1\n|-enditem|p1a: Mudsdale|Leftovers|[from] move: Knock Off|[of] p2a: Gurdurr\n|move|p1a: Mudsdale|Roar|p2a: Gurdurr\n|drag|p2a: Excadrill|Excadrill, L79, M|303/303\n|-ability|p2a: Excadrill|Mold Breaker\n|\n|upkeep\n|turn|5\n|inactive|Battle timer is ON: inactive players will automatically lose when time's up. (requested by jordanbruno.mkr)\n|\n|t:|1782737736\n|move|p2a: Excadrill|Swords Dance|p2a: Excadrill\n|-boost|p2a: Excadrill|atk|2\n|move|p1a: Mudsdale|Earthquake|p2a: Excadrill\n|-supereffective|p2a: Excadrill\n|-damage|p2a: Excadrill|0 fnt\n|faint|p2a: Excadrill\n|\n|upkeep\n|\n|t:|1782737744\n|switch|p2a: Wugtrio|Wugtrio, L91, F|212/212\n|-status|p2a: Wugtrio|psn\n|turn|6\n|\n|t:|1782737751\n|switch|p1a: Qwilfish|Qwilfish, L86, F|179/252\n|-ability|p1a: Qwilfish|Intimidate|boost\n|-unboost|p2a: Wugtrio|atk|1\n|move|p2a: Wugtrio|Liquidation|p1a: Qwilfish\n|-resisted|p1a: Qwilfish\n|-damage|p1a: Qwilfish|129/252\n|\n|-damage|p2a: Wugtrio|186/212 psn|[from] psn\n|upkeep\n|turn|7\n|\n|t:|1782737763\n|switch|p2a: Victreebel|Victreebel, L90, F|290/290\n|-sideend|p2: DiamondIyes|move: Toxic Spikes|[of] p2a: Victreebel\n|move|p1a: Qwilfish|Flip Turn|p2a: Victreebel\n|-resisted|p2a: Victreebel\n|-damage|p2a: Victreebel|250/290\n|\n|t:|1782737782\n|switch|p1a: Mandibuzz|Mandibuzz, L85, F|326/326|[from] Flip Turn\n|\n|upkeep\n|turn|8\n|\n|t:|1782737788\n|switch|p2a: Weezing|Weezing, L88, F|258/258\n|move|p1a: Mandibuzz|Foul Play|p2a: Weezing\n|-damage|p2a: Weezing|185/258\n|\n|-heal|p2a: Weezing|201/258|[from] item: Leftovers\n|upkeep\n|turn|9\n|\n|t:|1782737799\n|switch|p1a: Qwilfish|Qwilfish, L86, F|129/252\n|-ability|p1a: Qwilfish|Intimidate|boost\n|-unboost|p2a: Weezing|atk|1\n|move|p2a: Weezing|Will-O-Wisp|p1a: Qwilfish\n|-status|p1a: Qwilfish|brn\n|\n|-heal|p2a: Weezing|217/258|[from] item: Leftovers\n|-damage|p1a: Qwilfish|114/252 brn|[from] brn\n|upkeep\n|turn|10\n|\n|t:|1782737811\n|switch|p2a: Gurdurr|Gurdurr, L85, F|253/283\n|move|p1a: Qwilfish|Pain Split|p2a: Gurdurr\n|-sethp|p2a: Gurdurr|183/283|[from] move: Pain Split|[silent]\n|-sethp|p1a: Qwilfish|183/252 brn|[from] move: Pain Split\n|\n|-damage|p1a: Qwilfish|168/252 brn|[from] brn\n|upkeep\n|turn|11\n|\n|t:|1782737820\n|move|p1a: Qwilfish|Flip Turn|p2a: Gurdurr\n|-damage|p2a: Gurdurr|159/283\n|\n|t:|1782737833\n|switch|p1a: Mudsdale|Mudsdale, L83, M|196/302|[from] Flip Turn\n|move|p2a: Gurdurr|Bulk Up|p2a: Gurdurr\n|-boost|p2a: Gurdurr|atk|1\n|-boost|p2a: Gurdurr|def|1\n|\n|upkeep\n|turn|12\n|\n|t:|1782737841\n|move|p2a: Gurdurr|Drain Punch|p1a: Mudsdale\n|-damage|p1a: Mudsdale|73/302\n|-heal|p2a: Gurdurr|221/283|[from] drain|[of] p1a: Mudsdale\n|-ability|p1a: Mudsdale|Stamina|boost\n|-boost|p1a: Mudsdale|def|1\n|move|p1a: Mudsdale|Roar|p2a: Gurdurr\n|drag|p2a: Dodrio|Dodrio, L85, M|241/241\n|\n|upkeep\n|turn|13\n|\n|t:|1782737851\n|move|p2a: Dodrio|Brave Bird|p1a: Mudsdale\n|-damage|p1a: Mudsdale|0 fnt\n|faint|p1a: Mudsdale\n|-damage|p2a: Dodrio|217/241|[from] Recoil\n|\n|upkeep\n|\n|t:|1782737858\n|switch|p1a: Iron Treads|Iron Treads, L77|265/265\n|turn|14\n|\n|t:|1782737863\n|switch|p2a: Gurdurr|Gurdurr, L85, F|221/283\n|move|p1a: Iron Treads|Stealth Rock|p2a: Gurdurr\n|-sidestart|p2: DiamondIyes|move: Stealth Rock\n|\n|upkeep\n|turn|15\n|\n|t:|1782737873\n|-end|p1a: Iron Treads|Quark Drive|[silent]\n|switch|p1a: Mandibuzz|Mandibuzz, L85, F|326/326\n|move|p2a: Gurdurr|Bulk Up|p2a: Gurdurr\n|-boost|p2a: Gurdurr|atk|1\n|-boost|p2a: Gurdurr|def|1\n|\n|upkeep\n|turn|16\n|\n|t:|1782737880\n|move|p1a: Mandibuzz|Toxic|p2a: Gurdurr\n|-status|p2a: Gurdurr|tox\n|move|p2a: Gurdurr|Drain Punch|p1a: Mandibuzz\n|-damage|p1a: Mandibuzz|160/326\n|-heal|p2a: Gurdurr|283/283 tox|[from] drain|[of] p1a: Mandibuzz\n|\n|-damage|p2a: Gurdurr|266/283 tox|[from] psn\n|upkeep\n|turn|17\n|\n|t:|1782737890\n|move|p1a: Mandibuzz|U-turn|p2a: Gurdurr\n|-resisted|p2a: Gurdurr\n|-damage|p2a: Gurdurr|257/283 tox\n|\n|t:|1782737893\n|switch|p1a: Qwilfish|Qwilfish, L86, F|168/252 brn|[from] U-turn\n|-ability|p1a: Qwilfish|Intimidate|boost\n|-unboost|p2a: Gurdurr|atk|1\n|move|p2a: Gurdurr|Drain Punch|p1a: Qwilfish\n|-resisted|p1a: Qwilfish\n|-damage|p1a: Qwilfish|107/252 brn\n|-heal|p2a: Gurdurr|283/283 tox|[from] drain|[of] p1a: Qwilfish\n|\n|-damage|p2a: Gurdurr|249/283 tox|[from] psn\n|-damage|p1a: Qwilfish|92/252 brn|[from] brn\n|upkeep\n|turn|18\n|\n|t:|1782737905\n|move|p1a: Qwilfish|Pain Split|p2a: Gurdurr\n|-sethp|p2a: Gurdurr|170/283 tox|[from] move: Pain Split|[silent]\n|-sethp|p1a: Qwilfish|170/252 brn|[from] move: Pain Split\n|move|p2a: Gurdurr|Drain Punch|p1a: Qwilfish\n|-resisted|p1a: Qwilfish\n|-damage|p1a: Qwilfish|104/252 brn\n|-heal|p2a: Gurdurr|203/283 tox|[from] drain|[of] p1a: Qwilfish\n|\n|-damage|p2a: Gurdurr|152/283 tox|[from] psn\n|-damage|p1a: Qwilfish|89/252 brn|[from] brn\n|upkeep\n|turn|19\n|\n|t:|1782737917\n|switch|p2a: Weezing|Weezing, L88, F|217/258\n|-damage|p2a: Weezing|185/258|[from] Stealth Rock\n|move|p1a: Qwilfish|Pain Split|p2a: Weezing\n|-sethp|p2a: Weezing|137/258|[from] move: Pain Split|[silent]\n|-sethp|p1a: Qwilfish|137/252 brn|[from] move: Pain Split\n|\n|-heal|p2a: Weezing|153/258|[from] item: Leftovers\n|-damage|p1a: Qwilfish|122/252 brn|[from] brn\n|upkeep\n|turn|20\n|\n|t:|1782737927\n|move|p1a: Qwilfish|Flip Turn|p2a: Weezing\n|-damage|p2a: Weezing|129/258\n|\n|t:|1782737932\n|switch|p1a: Mandibuzz|Mandibuzz, L85, F|160/326|[from] Flip Turn\n|move|p2a: Weezing|Fire Blast|p1a: Mandibuzz\n|-damage|p1a: Mandibuzz|93/326\n|\n|-heal|p2a: Weezing|145/258|[from] item: Leftovers\n|upkeep\n|turn|21\n|\n|t:|1782737942\n|move|p1a: Mandibuzz|U-turn|p2a: Weezing\n|-resisted|p2a: Weezing\n|-crit|p2a: Weezing\n|-damage|p2a: Weezing|125/258\n|\n|t:|1782737954\n|switch|p1a: Qwilfish|Qwilfish, L86, F|122/252 brn|[from] U-turn\n|-ability|p1a: Qwilfish|Intimidate|boost\n|-unboost|p2a: Weezing|atk|1\n|move|p2a: Weezing|Will-O-Wisp|p1a: Qwilfish|[miss]\n|-miss|p2a: Weezing|p1a: Qwilfish\n|\n|-heal|p2a: Weezing|141/258|[from] item: Leftovers\n|-damage|p1a: Qwilfish|107/252 brn|[from] brn\n|upkeep\n|turn|22\n|\n|t:|1782737968\n|move|p1a: Qwilfish|Gunk Shot|p2a: Weezing\n|-resisted|p2a: Weezing\n|-damage|p2a: Weezing|119/258\n|move|p2a: Weezing|Pain Split|p1a: Qwilfish\n|-sethp|p1a: Qwilfish|113/252 brn|[from] move: Pain Split|[silent]\n|-sethp|p2a: Weezing|113/258|[from] move: Pain Split\n|\n|-heal|p2a: Weezing|129/258|[from] item: Leftovers\n|-damage|p1a: Qwilfish|98/252 brn|[from] brn\n|upkeep\n|turn|23\n|\n|t:|1782737979\n|switch|p2a: Dodrio|Dodrio, L85, M|217/241\n|-damage|p2a: Dodrio|157/241|[from] Stealth Rock\n|move|p1a: Qwilfish|Flip Turn|p2a: Dodrio\n|-damage|p2a: Dodrio|117/241\n|\n|t:|1782737986\n|switch|p1a: Iron Treads|Iron Treads, L77|265/265|[from] Flip Turn\n|\n|upkeep\n|turn|24\n|\n|t:|1782737993\n|move|p2a: Dodrio|Drill Run|p1a: Iron Treads\n|-supereffective|p1a: Iron Treads\n|-damage|p1a: Iron Treads|103/265\n|move|p1a: Iron Treads|Iron Head|p2a: Dodrio\n|-damage|p2a: Dodrio|15/241\n|\n|-heal|p1a: Iron Treads|119/265|[from] item: Leftovers\n|upkeep\n|turn|25\n|\n|t:|1782738002\n|switch|p2a: Wugtrio|Wugtrio, L91, F|186/212 psn\n|-damage|p2a: Wugtrio|160/212 psn|[from] Stealth Rock\n|-end|p1a: Iron Treads|Quark Drive|[silent]\n|switch|p1a: Mandibuzz|Mandibuzz, L85, F|93/326\n|\n|-damage|p2a: Wugtrio|134/212 psn|[from] psn\n|upkeep\n|turn|26\n|\n|t:|1782738011\n|switch|p1a: Qwilfish|Qwilfish, L86, F|98/252 brn\n|-ability|p1a: Qwilfish|Intimidate|boost\n|-unboost|p2a: Wugtrio|atk|1\n|move|p2a: Wugtrio|Liquidation|p1a: Qwilfish\n|-resisted|p1a: Qwilfish\n|-damage|p1a: Qwilfish|39/252 brn\n|\n|-damage|p2a: Wugtrio|108/212 psn|[from] psn\n|-damage|p1a: Qwilfish|24/252 brn|[from] brn\n|upkeep\n|turn|27\n|\n|t:|1782738022\n|switch|p1a: Haxorus|Haxorus, L77, M|244/244\n|-ability|p1a: Haxorus|Mold Breaker\n|move|p2a: Wugtrio|Liquidation|p1a: Haxorus\n|-resisted|p1a: Haxorus\n|-damage|p1a: Haxorus|181/244\n|\n|-damage|p2a: Wugtrio|82/212 psn|[from] psn\n|upkeep\n|turn|28\n|\n|t:|1782738032\n|switch|p2a: Dodrio|Dodrio, L85, M|15/241\n|-damage|p2a: Dodrio|0 fnt|[from] Stealth Rock\n|faint|p2a: Dodrio\n|move|p1a: Haxorus|Dragon Dance|p1a: Haxorus\n|-boost|p1a: Haxorus|atk|1\n|-boost|p1a: Haxorus|spe|1\n|\n|upkeep\n|\n|t:|1782738037\n|switch|p2a: Gurdurr|Gurdurr, L85, F|152/283 tox\n|-damage|p2a: Gurdurr|135/283 tox|[from] Stealth Rock\n|turn|29\n|\n|t:|1782738044\n|move|p1a: Haxorus|Outrage|p2a: Gurdurr\n|-damage|p2a: Gurdurr|0 fnt\n|faint|p2a: Gurdurr\n|\n|upkeep\n|\n|t:|1782738053\n|switch|p2a: Weezing|Weezing, L88, F|129/258\n|-damage|p2a: Weezing|97/258|[from] Stealth Rock\n|turn|30\n|\n|t:|1782738057\n|-terastallize|p2a: Weezing|Steel\n|move|p1a: Haxorus|Outrage|p2a: Weezing|[from] lockedmove\n|-resisted|p2a: Weezing\n|-damage|p2a: Weezing|12/258\n|-start|p1a: Haxorus|confusion|[fatigue]\n|-enditem|p1a: Haxorus|Lum Berry|[eat]\n|-end|p1a: Haxorus|confusion\n|move|p2a: Weezing|Pain Split|p1a: Haxorus\n|-sethp|p1a: Haxorus|96/244|[from] move: Pain Split|[silent]\n|-sethp|p2a: Weezing|96/258|[from] move: Pain Split\n|\n|-heal|p2a: Weezing|112/258|[from] item: Leftovers\n|upkeep\n|turn|31\n|\n|t:|1782738075\n|switch|p1a: Qwilfish|Qwilfish, L86, F|24/252 brn\n|-ability|p1a: Qwilfish|Intimidate|boost\n|-unboost|p2a: Weezing|atk|1\n|move|p2a: Weezing|Gunk Shot|p1a: Qwilfish\n|-resisted|p1a: Qwilfish\n|-damage|p1a: Qwilfish|0 fnt\n|faint|p1a: Qwilfish\n|\n|-heal|p2a: Weezing|128/258|[from] item: Leftovers\n|upkeep\n|\n|t:|1782738095\n|switch|p1a: Persian|Persian-Alola, L86, M|252/252\n|turn|32\n|\n|t:|1782738107\n|move|p1a: Persian|Nasty Plot|p1a: Persian\n|-boost|p1a: Persian|spa|2\n|move|p2a: Weezing|Pain Split|p1a: Persian\n|-sethp|p1a: Persian|190/252|[from] move: Pain Split|[silent]\n|-sethp|p2a: Weezing|190/258|[from] move: Pain Split\n|\n|-heal|p2a: Weezing|206/258|[from] item: Leftovers\n|upkeep\n|turn|33\n|\n|t:|1782738117\n|move|p1a: Persian|Dark Pulse|p2a: Weezing\n|-damage|p2a: Weezing|6/258\n|-damage|p1a: Persian|165/252|[from] item: Life Orb\n|cant|p2a: Weezing|flinch\n|\n|-heal|p2a: Weezing|22/258|[from] item: Leftovers\n|upkeep\n|turn|34\n|\n|t:|1782738124\n|move|p1a: Persian|Dark Pulse|p2a: Weezing\n|-damage|p2a: Weezing|0 fnt\n|faint|p2a: Weezing\n|-damage|p1a: Persian|140/252|[from] item: Life Orb\n|\n|upkeep\n|\n|t:|1782738128\n|switch|p2a: Wugtrio|Wugtrio, L91, F|82/212 psn\n|-damage|p2a: Wugtrio|56/212 psn|[from] Stealth Rock\n|turn|35\n|\n|t:|1782738136\n|move|p2a: Wugtrio|Liquidation|p1a: Persian\n|-damage|p1a: Persian|28/252\n|move|p1a: Persian|Thunderbolt|p2a: Wugtrio\n|-supereffective|p2a: Wugtrio\n|-damage|p2a: Wugtrio|0 fnt\n|faint|p2a: Wugtrio\n|-damage|p1a: Persian|3/252|[from] item: Life Orb\n|\n|upkeep\n|\n|t:|1782738142\n|switch|p2a: Victreebel|Victreebel, L90, F|250/290\n|-damage|p2a: Victreebel|214/290|[from] Stealth Rock\n|turn|36\n|\n|t:|1782738147\n|move|p2a: Victreebel|Sucker Punch|p1a: Persian\n|-resisted|p1a: Persian\n|-damage|p1a: Persian|0 fnt\n|faint|p1a: Persian\n|-damage|p2a: Victreebel|185/290|[from] item: Life Orb\n|\n|upkeep\n|\n|t:|1782738153\n|switch|p1a: Mandibuzz|Mandibuzz, L85, F|93/326\n|turn|37\n|\n|t:|1782738158\n|move|p1a: Mandibuzz|Roost|p1a: Mandibuzz\n|-heal|p1a: Mandibuzz|256/326\n|-singleturn|p1a: Mandibuzz|move: Roost\n|move|p2a: Victreebel|Poison Jab|p1a: Mandibuzz\n|-damage|p1a: Mandibuzz|142/326\n|-status|p1a: Mandibuzz|psn\n|-damage|p2a: Victreebel|156/290|[from] item: Life Orb\n|\n|-damage|p1a: Mandibuzz|102/326 psn|[from] psn\n|upkeep\n|turn|38\n|\n|t:|1782738170\n|move|p1a: Mandibuzz|Foul Play|p2a: Victreebel\n|-damage|p2a: Victreebel|26/290\n|move|p2a: Victreebel|Swords Dance|p2a: Victreebel\n|-boost|p2a: Victreebel|atk|2\n|\n|-damage|p1a: Mandibuzz|62/326 psn|[from] psn\n|upkeep\n|turn|39\n|\n|t:|1782738176\n|move|p2a: Victreebel|Sucker Punch|p1a: Mandibuzz\n|-resisted|p1a: Mandibuzz\n|-damage|p1a: Mandibuzz|0 fnt\n|faint|p1a: Mandibuzz\n|-damage|p2a: Victreebel|0 fnt|[from] item: Life Orb\n|faint|p2a: Victreebel\n|\n|win|jordanbruno.mkr\n", "inputlog": ">version 3f8ef8cf60cebd2b18892af2794d10415e14a302\n>start {\"formatid\":\"gen9randombattle\",\"seed\":\"sodium,c17b044bdb6882dba2a0bbf08c45b74f\",\"rated\":\"Rated battle\"}\n>player p1 {\"name\":\"jordanbruno.mkr\",\"avatar\":\"101\",\"rating\":1945,\"seed\":\"sodium,c60cc3b27da9261f2c288260ed672a23\"}\n>player p2 {\"name\":\"DiamondIyes\",\"avatar\":\"az\",\"rating\":1948,\"seed\":\"sodium,6b6c4a1bee2a50f0ec6a6b42a3447d11\"}\n>p1 switch 5\n>p2 move bulkup\n>p1 move toxicspikes\n>p2 move knockoff\n>p1 move flipturn\n>p2 move bulkup\n>p1 switch 4\n>p1 move roar\n>p2 move knockoff\n>p1 move earthquake\n>p2 move swordsdance\n>p2 switch 6\n>p1 switch 4\n>p2 move liquidation\n>p1 move flipturn\n>p2 switch 3\n>p1 switch 3\n>p1 move foulplay\n>p2 switch 5\n>p1 switch 3\n>p2 move willowisp\n>p1 move painsplit\n>p2 switch 2\n>p1 move flipturn\n>p2 move bulkup\n>p1 switch 4\n>p1 move roar\n>p2 move drainpunch\n>p1 move heavyslam\n>p2 move bravebird\n>p1 switch 5\n>p1 move stealthrock\n>p2 switch 4\n>p1 switch 3\n>p2 move bulkup\n>p1 move toxic\n>p2 move drainpunch\n>p1 move uturn\n>p2 move drainpunch\n>p1 switch 4\n>p1 move painsplit\n>p2 move drainpunch\n>p1 move painsplit\n>p2 switch 2\n>p1 move flipturn\n>p2 move fireblast\n>p1 switch 4\n>p1 move uturn\n>p2 move willowisp\n>p1 switch 4\n>p1 move gunkshot\n>p2 move painsplit\n>p1 move flipturn\n>p2 switch 4\n>p1 switch 3\n>p1 move ironhead\n>p2 move drillrun\n>p1 switch 4\n>p2 switch 3\n>p1 switch 3\n>p2 move liquidation\n>p1 switch 6\n>p2 move liquidation\n>p1 move dragondance\n>p2 switch 3\n>p2 switch 2\n>p1 move outrage\n>p2 move drainpunch\n>p2 switch 4\n>p1 move outrage\n>p2 move painsplit terastallize\n>p1 switch 6\n>p2 move gunkshot\n>p1 switch 2\n>p1 move nastyplot\n>p2 move painsplit\n>p1 move darkpulse\n>p2 move fireblast\n>p1 move darkpulse\n>p2 move fireblast\n>p2 switch 3\n>p1 move thunderbolt\n>p2 move liquidation\n>p2 switch 5\n>p1 move darkpulse\n>p2 move suckerpunch\n>p1 switch 3\n>p1 move roost\n>p2 move poisonjab\n>p1 move foulplay\n>p2 move swordsdance\n>p1 move foulplay\n>p2 move suckerpunch", "uploadtime": 1782737682, "views": 4, "formatid": "gen9randombattle", "rating": null, "private": 0, "password": null, "player_dets": [{"name": "jordanbruno.mkr", "avatar": "101", "rating": 1945, "seed": "sodium,c60cc3b27da9261f2c288260ed672a23"}, {"name": "DiamondIyes", "avatar": "az", "rating": 1948, "seed": "sodium,6b6c4a1bee2a50f0ec6a6b42a3447d11"}], "teams_full": [{"Iron Treads": {"name": "Iron Treads", "species": "Iron Treads", "speciesId": "irontreads", "gender": "N", "shiny": false, "level": 77, "moves": ["ironhead", "stealthrock", "rapidspin", "earthquake"], "ability": "Quark Drive", "evs": {"hp": 85, "atk": 85, "def": 85, "spa": 85, "spd": 85, "spe": 85}, "ivs": {"hp": 31, "atk": 31, "def": 31, "spa": 31, "spd": 31, "spe": 31}, "item": "Leftovers", "teraType": "Water", "role": "Bulky Support", "bvs": {"hp": 90, "atk": 112, "def": 120, "spa": 72, "spd": 70, "spe": 106}, "stats": {"hp": 265, "atk": 217, "def": 229, "spa": 155, "spd": 152, "spe": 208}, "types": ["Ground", "Steel"]}, "Persian": {"name": "Persian", "species": "Persian-Alola", "speciesId": "persianalola", "gender": "M", "shiny": false, "level": 86, "moves": ["nastyplot", "thunderbolt", "terablast", "darkpulse"], "ability": "Fur Coat", "evs": {"hp": 85, "atk": 0, "def": 85, "spa": 85, "spd": 85, "spe": 85}, "ivs": {"hp": 31, "atk": 0, "def": 31, "spa": 31, "spd": 31, "spe": 31}, "item": "Life Orb", "teraType": "Fairy", "role": "Tera Blast user", "bvs": {"hp": 65, "atk": 60, "def": 60, "spa": 75, "spd": 65, "spe": 115}, "stats": {"hp": 252, "atk": 108, "def": 152, "spa": 178, "spd": 161, "spe": 247}, "types": ["Dark"]}, "Mandibuzz": {"name": "Mandibuzz", "species": "Mandibuzz", "speciesId": "mandibuzz", "gender": "F", "shiny": false, "level": 85, "moves": ["uturn", "foulplay", "toxic", "roost"], "ability": "Overcoat", "evs": {"hp": 85, "atk": 85, "def": 85, "spa": 85, "spd": 85, "spe": 85}, "ivs": {"hp": 31, "atk": 31, "def": 31, "spa": 31, "spd": 31, "spe": 31}, "item": "Heavy-Duty Boots", "teraType": "Steel", "role": "Bulky Support", "bvs": {"hp": 110, "atk": 65, "def": 105, "spa": 55, "spd": 95, "spe": 80}, "stats": {"hp": 326, "atk": 159, "def": 227, "spa": 142, "spd": 210, "spe": 185}, "types": ["Dark", "Flying"]}, "Mudsdale": {"name": "Mudsdale", "species": "Mudsdale", "speciesId": "mudsdale", "gender": "M", "shiny": false, "level": 83, "moves": ["heavyslam", "stoneedge", "roar", "earthquake"], "ability": "Stamina", "evs": {"hp": 85, "atk": 85, "def": 85, "spa": 85, "spd": 85, "spe": 85}, "ivs": {"hp": 31, "atk": 31, "def": 31, "spa": 31, "spd": 31, "spe": 31}, "item": "Leftovers", "teraType": "Steel", "role": "Bulky Attacker", "bvs": {"hp": 100, "atk": 125, "def": 100, "spa": 55, "spd": 85, "spe": 35}, "stats": {"hp": 302, "atk": 255, "def": 214, "spa": 139, "spd": 189, "spe": 106}, "types": ["Ground"]}, "Qwilfish": {"name": "Qwilfish", "species": "Qwilfish", "speciesId": "qwilfish", "gender": "F", "shiny": false, "level": 86, "moves": ["gunkshot", "painsplit", "toxicspikes", "flipturn"], "ability": "Intimidate", "evs": {"hp": 85, "atk": 85, "def": 85, "spa": 85, "spd": 85, "spe": 85}, "ivs": {"hp": 31, "atk": 31, "def": 31, "spa": 31, "spd": 31, "spe": 31}, "item": "Heavy-Duty Boots", "teraType": "Dark", "role": "Fast Support", "bvs": {"hp": 65, "atk": 95, "def": 85, "spa": 55, "spd": 55, "spe": 85}, "stats": {"hp": 252, "atk": 213, "def": 195, "spa": 144, "spd": 144, "spe": 195}, "types": ["Water", "Poison"]}, "Haxorus": {"name": "Haxorus", "species": "Haxorus", "speciesId": "haxorus", "gender": "M", "shiny": false, "level": 77, "moves": ["outrage", "ironhead", "earthquake", "dragondance"], "ability": "Mold Breaker", "evs": {"hp": 85, "atk": 85, "def": 85, "spa": 85, "spd": 85, "spe": 85}, "ivs": {"hp": 31, "atk": 31, "def": 31, "spa": 31, "spd": 31, "spe": 31}, "item": "Lum Berry", "teraType": "Steel", "role": "Setup Sweeper", "bvs": {"hp": 76, "atk": 147, "def": 90, "spa": 60, "spd": 70, "spe": 97}, "stats": {"hp": 244, "atk": 271, "def": 183, "spa": 137, "spd": 152, "spe": 194}, "types": ["Dragon"]}}, {"Gurdurr": {"name": "Gurdurr", "species": "Gurdurr", "speciesId": "gurdurr", "gender": "F", "shiny": false, "level": 85, "moves": ["bulkup", "drainpunch", "machpunch", "knockoff"], "ability": "Guts", "evs": {"hp": 85, "atk": 85, "def": 85, "spa": 85, "spd": 85, "spe": 85}, "ivs": {"hp": 31, "atk": 31, "def": 31, "spa": 31, "spd": 31, "spe": 31}, "item": "Eviolite", "teraType": "Steel", "role": "Bulky Attacker", "bvs": {"hp": 85, "atk": 105, "def": 85, "spa": 40, "spd": 50, "spe": 40}, "stats": {"hp": 283, "atk": 227, "def": 193, "spa": 117, "spd": 134, "spe": 117}, "types": ["Fighting"]}, "Excadrill": {"name": "Excadrill", "species": "Excadrill", "speciesId": "excadrill", "gender": "M", "shiny": false, "level": 79, "moves": ["swordsdance", "earthquake", "rapidspin", "ironhead"], "ability": "Mold Breaker", "evs": {"hp": 85, "atk": 85, "def": 85, "spa": 85, "spd": 85, "spe": 85}, "ivs": {"hp": 31, "atk": 31, "def": 31, "spa": 31, "spd": 31, "spe": 31}, "item": "Leftovers", "teraType": "Water", "role": "Bulky Setup", "bvs": {"hp": 110, "atk": 135, "def": 60, "spa": 50, "spd": 65, "spe": 88}, "stats": {"hp": 303, "atk": 259, "def": 140, "spa": 125, "spd": 148, "spe": 185}, "types": ["Ground", "Steel"]}, "Victreebel": {"name": "Victreebel", "species": "Victreebel", "speciesId": "victreebel", "gender": "F", "shiny": false, "level": 90, "moves": ["powerwhip", "suckerpunch", "swordsdance", "poisonjab"], "ability": "Chlorophyll", "evs": {"hp": 85, "atk": 85, "def": 85, "spa": 85, "spd": 85, "spe": 85}, "ivs": {"hp": 31, "atk": 31, "def": 31, "spa": 31, "spd": 31, "spe": 31}, "item": "Life Orb", "teraType": "Grass", "role": "Setup Sweeper", "bvs": {"hp": 80, "atk": 105, "def": 65, "spa": 100, "spd": 70, "spe": 70}, "stats": {"hp": 290, "atk": 240, "def": 168, "spa": 231, "spd": 177, "spe": 177}, "types": ["Grass", "Poison"]}, "Dodrio": {"name": "Dodrio", "species": "Dodrio", "speciesId": "dodrio", "gender": "M", "shiny": false, "level": 85, "moves": ["bravebird", "doubleedge", "drillrun", "quickattack"], "ability": "Early Bird", "evs": {"hp": 85, "atk": 85, "def": 85, "spa": 85, "spd": 85, "spe": 85}, "ivs": {"hp": 31, "atk": 31, "def": 31, "spa": 31, "spd": 31, "spe": 31}, "item": "Choice Band", "teraType": "Normal", "role": "Fast Attacker", "bvs": {"hp": 60, "atk": 110, "def": 70, "spa": 60, "spd": 60, "spe": 110}, "stats": {"hp": 241, "atk": 236, "def": 168, "spa": 151, "spd": 151, "spe": 236}, "types": ["Normal", "Flying"]}, "Weezing": {"name": "Weezing", "species": "Weezing", "speciesId": "weezing", "gender": "F", "shiny": false, "level": 88, "moves": ["painsplit", "gunkshot", "fireblast", "willowisp"], "ability": "Levitate", "evs": {"hp": 85, "atk": 85, "def": 85, "spa": 85, "spd": 85, "spe": 85}, "ivs": {"hp": 31, "atk": 31, "def": 31, "spa": 31, "spd": 31, "spe": 31}, "item": "Leftovers", "teraType": "Steel", "role": "Bulky Attacker", "bvs": {"hp": 65, "atk": 90, "def": 120, "spa": 85, "spd": 70, "spe": 60}, "stats": {"hp": 258, "atk": 209, "def": 261, "spa": 200, "spd": 173, "spe": 156}, "types": ["Poison"]}, "Wugtrio": {"name": "Wugtrio", "species": "Wugtrio", "speciesId": "wugtrio", "gender": "F", "shiny": false, "level": 91, "moves": ["stompingtantrum", "liquidation", "aquajet", "throatchop"], "ability": "Gooey", "evs": {"hp": 85, "atk": 85, "def": 85, "spa": 85, "spd": 85, "spe": 85}, "ivs": {"hp": 31, "atk": 31, "def": 31, "spa": 31, "spd": 31, "spe": 31}, "item": "Choice Band", "teraType": "Dark", "role": "Fast Attacker", "bvs": {"hp": 35, "atk": 100, "def": 50, "spa": 50, "spd": 70, "spe": 120}, "stats": {"hp": 212, "atk": 234, "def": 143, "spa": 143, "spd": 179, "spe": 270}, "types": ["Water"]}}]}