{"id": "gen9randombattle-2641538495", "format": "[Gen 9] Random Battle", "players": ["discotetis", "Sciusciamiilflauto"], "log": "|j|\u2606discotetis\n|j|\u2606Sciusciamiilflauto\n|t:|1782803477\n|gametype|singles\n|player|p1|discotetis|102|1852\n|player|p2|Sciusciamiilflauto|medium|1916\n|gen|9\n|tier|[Gen 9] Random Battle\n|rated|\n|rule|Species Clause: Limit one of each Pok\u00e9mon\n|rule|HP Percentage Mod: HP is shown in percentages\n|rule|Sleep Clause Mod: Limit one foe put to sleep\n|rule|Illusion Level Mod: Illusion disguises the Pok\u00e9mon's true level\n|\n|t:|1782803477\n|teamsize|p1|6\n|teamsize|p2|6\n|start\n|switch|p1a: Noctowl|Noctowl, L95, M|344/344\n|switch|p2a: Chi-Yu|Chi-Yu, L77|211/211\n|-ability|p2a: Chi-Yu|Beads of Ruin\n|turn|1\n|inactive|Battle timer is ON: inactive players will automatically lose when time's up. (requested by discotetis)\n|\n|t:|1782803497\n|switch|p2a: Giratina|Giratina, L75|349/349\n|-ability|p2a: Giratina|Pressure\n|move|p1a: Noctowl|Hurricane|p2a: Giratina|[miss]\n|-miss|p1a: Noctowl|p2a: Giratina\n|\n|upkeep\n|turn|2\n|\n|t:|1782803509\n|switch|p1a: Chi-Yu|Chi-Yu, L77|211/211\n|-ability|p1a: Chi-Yu|Beads of Ruin\n|move|p2a: Giratina|Dragon Tail|p1a: Chi-Yu\n|-damage|p1a: Chi-Yu|150/211\n|drag|p1a: Iron Thorns|Iron Thorns, L83|302/302\n|-enditem|p1a: Iron Thorns|Booster Energy\n|-activate|p1a: Iron Thorns|ability: Quark Drive|[fromitem]\n|-start|p1a: Iron Thorns|quarkdriveatk\n|\n|upkeep\n|turn|3\n|\n|t:|1782803523\n|move|p1a: Iron Thorns|Wild Charge|p2a: Giratina\n|-resisted|p2a: Giratina\n|-damage|p2a: Giratina|277/349\n|-damage|p1a: Iron Thorns|284/302|[from] Recoil\n|move|p2a: Giratina|Dragon Tail|p1a: Iron Thorns\n|-damage|p1a: Iron Thorns|241/302\n|-end|p1a: Iron Thorns|Quark Drive|[silent]\n|drag|p1a: Vaporeon|Vaporeon, L86, F|364/364\n|\n|-heal|p2a: Giratina|298/349|[from] item: Leftovers\n|upkeep\n|turn|4\n|\n|t:|1782803544\n|switch|p1a: Noctowl|Noctowl, L95, M|344/344\n|move|p2a: Giratina|Shadow Ball|p1a: Noctowl\n|-immune|p1a: Noctowl\n|\n|-heal|p2a: Giratina|319/349|[from] item: Leftovers\n|upkeep\n|turn|5\n|\n|t:|1782803558\n|move|p1a: Noctowl|Hurricane|p2a: Giratina\n|-damage|p2a: Giratina|210/349\n|-start|p2a: Giratina|confusion\n|-activate|p2a: Giratina|confusion\n|move|p2a: Giratina|Dragon Tail|p1a: Noctowl\n|-damage|p1a: Noctowl|271/344\n|drag|p1a: Iron Thorns|Iron Thorns, L83|241/302\n|\n|-heal|p2a: Giratina|231/349|[from] item: Leftovers\n|upkeep\n|turn|6\n|\n|t:|1782803575\n|move|p1a: Iron Thorns|Dragon Dance|p1a: Iron Thorns\n|-boost|p1a: Iron Thorns|atk|1\n|-boost|p1a: Iron Thorns|spe|1\n|-activate|p2a: Giratina|confusion\n|move|p2a: Giratina|Dragon Tail|p1a: Iron Thorns\n|-damage|p1a: Iron Thorns|193/302\n|-end|p1a: Iron Thorns|Quark Drive|[silent]\n|drag|p1a: Vaporeon|Vaporeon, L86, F|364/364\n|\n|-heal|p2a: Giratina|252/349|[from] item: Leftovers\n|upkeep\n|turn|7\n|\n|t:|1782803585\n|switch|p2a: Cyclizar|Cyclizar, L83, F|252/252\n|switch|p1a: Noctowl|Noctowl, L95, M|271/344\n|\n|upkeep\n|turn|8\n|\n|t:|1782803593\n|move|p2a: Cyclizar|Shed Tail|p2a: Cyclizar\n|-start|p2a: Cyclizar|Substitute|[from] move: Shed Tail\n|-damage|p2a: Cyclizar|126/252\n|\n|t:|1782803603\n|switch|p2a: Giratina|Giratina, L75|252/349|[from] Shed Tail\n|-ability|p2a: Giratina|Pressure\n|move|p1a: Noctowl|Hurricane|p2a: Giratina\n|-end|p2a: Giratina|Substitute\n|\n|-heal|p2a: Giratina|273/349|[from] item: Leftovers\n|upkeep\n|turn|9\n|\n|t:|1782803613\n|move|p1a: Noctowl|Hurricane|p2a: Giratina\n|-damage|p2a: Giratina|150/349\n|move|p2a: Giratina|Dragon Tail|p1a: Noctowl\n|-damage|p1a: Noctowl|205/344\n|drag|p1a: Iron Thorns|Iron Thorns, L83|193/302\n|\n|-heal|p2a: Giratina|171/349|[from] item: Leftovers\n|upkeep\n|turn|10\n|\n|t:|1782803622\n|move|p2a: Giratina|Shadow Ball|p1a: Iron Thorns\n|-damage|p1a: Iron Thorns|120/302\n|move|p1a: Iron Thorns|Stone Edge|p2a: Giratina\n|-damage|p2a: Giratina|60/349\n|\n|-heal|p2a: Giratina|81/349|[from] item: Leftovers\n|upkeep\n|turn|11\n|\n|t:|1782803634\n|move|p2a: Giratina|Rest|p2a: Giratina\n|-status|p2a: Giratina|slp|[from] move: Rest\n|-heal|p2a: Giratina|349/349 slp|[silent]\n|move|p1a: Iron Thorns|Dragon Dance|p1a: Iron Thorns\n|-boost|p1a: Iron Thorns|atk|1\n|-boost|p1a: Iron Thorns|spe|1\n|\n|upkeep\n|turn|12\n|\n|t:|1782803642\n|move|p1a: Iron Thorns|Stone Edge|p2a: Giratina\n|-damage|p2a: Giratina|184/349 slp\n|cant|p2a: Giratina|slp\n|move|p2a: Giratina|Sleep Talk|p2a: Giratina\n|move|p2a: Giratina|Shadow Ball|p1a: Iron Thorns|[from] move: Sleep Talk\n|-damage|p1a: Iron Thorns|44/302\n|-unboost|p1a: Iron Thorns|spd|1\n|\n|-heal|p2a: Giratina|205/349 slp|[from] item: Leftovers\n|upkeep\n|turn|13\n|\n|t:|1782803654\n|move|p1a: Iron Thorns|Stone Edge|p2a: Giratina\n|-damage|p2a: Giratina|39/349 slp\n|cant|p2a: Giratina|slp\n|move|p2a: Giratina|Sleep Talk|p2a: Giratina\n|move|p2a: Giratina|Dragon Tail|p1a: Iron Thorns|[from] move: Sleep Talk\n|-damage|p1a: Iron Thorns|0 fnt\n|faint|p1a: Iron Thorns\n|-end|p1a: Iron Thorns|Quark Drive|[silent]\n|\n|-heal|p2a: Giratina|60/349 slp|[from] item: Leftovers\n|upkeep\n|\n|t:|1782803670\n|switch|p1a: Chi-Yu|Chi-Yu, L77|150/211\n|-ability|p1a: Chi-Yu|Beads of Ruin\n|turn|14\n|\n|t:|1782803687\n|switch|p2a: Emboar|Emboar, L84, M|322/322\n|move|p1a: Chi-Yu|Flamethrower|p2a: Emboar\n|-resisted|p2a: Emboar\n|-damage|p2a: Emboar|232/322\n|\n|upkeep\n|turn|15\n|\n|t:|1782803697\n|switch|p1a: Vaporeon|Vaporeon, L86, F|364/364\n|move|p2a: Emboar|Wild Charge|p1a: Vaporeon\n|-supereffective|p1a: Vaporeon\n|-damage|p1a: Vaporeon|142/364\n|-damage|p2a: Emboar|176/322|[from] Recoil\n|\n|-heal|p1a: Vaporeon|164/364|[from] item: Leftovers\n|upkeep\n|turn|16\n|\n|t:|1782803708\n|move|p1a: Vaporeon|Protect|p1a: Vaporeon\n|-singleturn|p1a: Vaporeon|Protect\n|move|p2a: Emboar|Wild Charge|p1a: Vaporeon\n|-activate|p1a: Vaporeon|move: Protect\n|\n|-heal|p1a: Vaporeon|186/364|[from] item: Leftovers\n|upkeep\n|turn|17\n|\n|t:|1782803715\n|switch|p2a: Cyclizar|Cyclizar, L83, F|210/252\n|move|p1a: Vaporeon|Scald|p2a: Cyclizar\n|-resisted|p2a: Cyclizar\n|-damage|p2a: Cyclizar|144/252\n|\n|-heal|p1a: Vaporeon|208/364|[from] item: Leftovers\n|upkeep\n|turn|18\n|\n|t:|1782803722\n|move|p2a: Cyclizar|Taunt|p1a: Vaporeon\n|-start|p1a: Vaporeon|move: Taunt\n|cant|p1a: Vaporeon|move: Taunt|Wish\n|\n|-heal|p1a: Vaporeon|230/364|[from] item: Leftovers\n|upkeep\n|turn|19\n|\n|t:|1782803736\n|switch|p1a: Noctowl|Noctowl, L95, M|205/344\n|move|p2a: Cyclizar|Shed Tail|p2a: Cyclizar\n|-start|p2a: Cyclizar|Substitute|[from] move: Shed Tail\n|-damage|p2a: Cyclizar|18/252\n|\n|t:|1782803740\n|switch|p2a: Giratina|Giratina, L75|60/349 slp|[from] Shed Tail\n|-ability|p2a: Giratina|Pressure\n|\n|-heal|p2a: Giratina|81/349 slp|[from] item: Leftovers\n|upkeep\n|turn|20\n|\n|t:|1782803749\n|move|p1a: Noctowl|Hurricane|p2a: Giratina\n|-end|p2a: Giratina|Substitute\n|-curestatus|p2a: Giratina|slp|[msg]\n|move|p2a: Giratina|Rest|p2a: Giratina\n|-status|p2a: Giratina|slp|[from] move: Rest\n|-heal|p2a: Giratina|349/349 slp|[silent]\n|\n|upkeep\n|turn|21\n|\n|t:|1782803760\n|switch|p1a: Chi-Yu|Chi-Yu, L77|150/211\n|-ability|p1a: Chi-Yu|Beads of Ruin\n|cant|p2a: Giratina|slp\n|move|p2a: Giratina|Sleep Talk|p2a: Giratina\n|move|p2a: Giratina|Shadow Ball|p1a: Chi-Yu|[from] move: Sleep Talk\n|-resisted|p1a: Chi-Yu\n|-damage|p1a: Chi-Yu|120/211\n|\n|upkeep\n|turn|22\n|\n|t:|1782803785\n|switch|p2a: Chi-Yu|Chi-Yu, L77|211/211\n|-ability|p2a: Chi-Yu|Beads of Ruin\n|move|p1a: Chi-Yu|Dark Pulse|p2a: Chi-Yu\n|-resisted|p2a: Chi-Yu\n|-damage|p2a: Chi-Yu|149/211\n|\n|upkeep\n|turn|23\n|\n|t:|1782803798\n|move|p2a: Chi-Yu|Dark Pulse|p1a: Chi-Yu\n|-resisted|p1a: Chi-Yu\n|-damage|p1a: Chi-Yu|80/211\n|move|p1a: Chi-Yu|Dark Pulse|p2a: Chi-Yu\n|-resisted|p2a: Chi-Yu\n|-damage|p2a: Chi-Yu|93/211\n|\n|upkeep\n|turn|24\n|\n|t:|1782803805\n|switch|p1a: Noctowl|Noctowl, L95, M|205/344\n|move|p2a: Chi-Yu|Dark Pulse|p1a: Noctowl\n|-crit|p1a: Noctowl\n|-damage|p1a: Noctowl|45/344\n|\n|upkeep\n|turn|25\n|\n|t:|1782803815\n|switch|p1a: Vaporeon|Vaporeon, L86, F|230/364\n|move|p2a: Chi-Yu|Dark Pulse|p1a: Vaporeon\n|-damage|p1a: Vaporeon|107/364\n|\n|-heal|p1a: Vaporeon|129/364|[from] item: Leftovers\n|upkeep\n|turn|26\n|\n|t:|1782803824\n|switch|p2a: Cyclizar|Cyclizar, L83, F|102/252\n|move|p1a: Vaporeon|Wish|p1a: Vaporeon\n|\n|-heal|p1a: Vaporeon|151/364|[from] item: Leftovers\n|upkeep\n|turn|27\n|\n|t:|1782803835\n|switch|p2a: Giratina|Giratina, L75|349/349 slp\n|-ability|p2a: Giratina|Pressure\n|move|p1a: Vaporeon|Protect||[still]\n|-fail|p1a: Vaporeon\n|\n|-heal|p1a: Vaporeon|333/364|[from] move: Wish|[wisher] Vaporeon\n|-heal|p1a: Vaporeon|355/364|[from] item: Leftovers\n|upkeep\n|turn|28\n|\n|t:|1782803850\n|switch|p2a: Emboar|Emboar, L84, M|176/322\n|move|p1a: Vaporeon|Wish|p1a: Vaporeon\n|\n|-heal|p1a: Vaporeon|364/364|[from] item: Leftovers\n|upkeep\n|turn|29\n|\n|t:|1782803856\n|move|p1a: Vaporeon|Scald|p2a: Emboar\n|-supereffective|p2a: Emboar\n|-damage|p2a: Emboar|0 fnt\n|faint|p2a: Emboar\n|\n|upkeep\n|\n|t:|1782803880\n|switch|p2a: Kyogre|Kyogre, L71|259/259\n|-weather|RainDance|[from] ability: Drizzle|[of] p2a: Kyogre\n|turn|30\n|\n|t:|1782803894\n|switch|p1a: Camerupt|Camerupt, L91, F|275/275\n|move|p2a: Kyogre|Calm Mind|p2a: Kyogre\n|-boost|p2a: Kyogre|spa|1\n|-boost|p2a: Kyogre|spd|1\n|\n|-weather|RainDance|[upkeep]\n|upkeep\n|turn|31\n|\n|t:|1782803913\n|-terastallize|p1a: Camerupt|Grass\n|move|p2a: Kyogre|Origin Pulse|p1a: Camerupt|[miss]\n|-miss|p2a: Kyogre|p1a: Camerupt\n|move|p1a: Camerupt|Roar|p2a: Kyogre\n|drag|p2a: Toucannon|Toucannon, L88, F|284/284\n|\n|-weather|RainDance|[upkeep]\n|upkeep\n|turn|32\n|\n|t:|1782803927\n|switch|p1a: Vaporeon|Vaporeon, L86, F|364/364\n|-singleturn|p2a: Toucannon|move: Beak Blast\n|move|p2a: Toucannon|Beak Blast|p1a: Vaporeon\n|-damage|p1a: Vaporeon|196/364\n|\n|-weather|RainDance|[upkeep]\n|-heal|p1a: Vaporeon|218/364|[from] item: Leftovers\n|upkeep\n|turn|33\n|\n|t:|1782803936\n|move|p1a: Vaporeon|Wish|p1a: Vaporeon\n|move|p2a: Toucannon|Bullet Seed|p1a: Vaporeon\n|-supereffective|p1a: Vaporeon\n|-damage|p1a: Vaporeon|158/364\n|-supereffective|p1a: Vaporeon\n|-damage|p1a: Vaporeon|102/364\n|-supereffective|p1a: Vaporeon\n|-damage|p1a: Vaporeon|44/364\n|-supereffective|p1a: Vaporeon\n|-damage|p1a: Vaporeon|0 fnt\n|faint|p1a: Vaporeon\n|-hitcount|p1: Vaporeon|4\n|\n|-weather|RainDance|[upkeep]\n|upkeep\n|\n|t:|1782803947\n|switch|p1a: Noctowl|Noctowl, L95, M|45/344\n|turn|34\n|\n|t:|1782803955\n|move|p1a: Noctowl|Roost|p1a: Noctowl\n|-heal|p1a: Noctowl|217/344\n|-singleturn|p1a: Noctowl|move: Roost\n|move|p2a: Toucannon|Boomburst|p1a: Noctowl\n|-damage|p1a: Noctowl|100/344\n|\n|-weather|none\n|-heal|p1a: Noctowl|282/344|[from] move: Wish|[wisher] Vaporeon\n|upkeep\n|turn|35\n|\n|t:|1782803966\n|switch|p2a: Giratina|Giratina, L75|349/349 slp\n|-ability|p2a: Giratina|Pressure\n|move|p1a: Noctowl|Hyper Voice|p2a: Giratina\n|-immune|p2a: Giratina\n|\n|upkeep\n|turn|36\n|\n|t:|1782803979\n|move|p1a: Noctowl|Hurricane|p2a: Giratina\n|-damage|p2a: Giratina|231/349 slp\n|-start|p2a: Giratina|confusion\n|cant|p2a: Giratina|slp\n|-activate|p2a: Giratina|confusion\n|move|p2a: Giratina|Sleep Talk|p2a: Giratina\n|move|p2a: Giratina|Dragon Tail|p1a: Noctowl|[from] move: Sleep Talk\n|-damage|p1a: Noctowl|216/344\n|drag|p1a: Arceus|Arceus-Dragon, L71|288/288\n|\n|-heal|p2a: Giratina|252/349 slp|[from] item: Leftovers\n|upkeep\n|turn|37\n|\n|t:|1782803997\n|switch|p2a: Toucannon|Toucannon, L88, F|284/284\n|move|p1a: Arceus|Judgment|p2a: Toucannon\n|-damage|p2a: Toucannon|175/284\n|\n|upkeep\n|turn|38\n|\n|t:|1782804005\n|-singleturn|p2a: Toucannon|move: Beak Blast\n|move|p1a: Arceus|Calm Mind|p1a: Arceus\n|-boost|p1a: Arceus|spa|1\n|-boost|p1a: Arceus|spd|1\n|move|p2a: Toucannon|Beak Blast|p1a: Arceus\n|-damage|p1a: Arceus|161/288\n|\n|upkeep\n|turn|39\n|\n|t:|1782804024\n|-singleturn|p2a: Toucannon|move: Beak Blast\n|move|p1a: Arceus|Judgment|p2a: Toucannon\n|-damage|p2a: Toucannon|12/284\n|move|p2a: Toucannon|Beak Blast|p1a: Arceus\n|-damage|p1a: Arceus|22/288\n|\n|upkeep\n|turn|40\n|\n|t:|1782804031\n|-singleturn|p2a: Toucannon|move: Beak Blast\n|move|p1a: Arceus|Recover|p1a: Arceus\n|-heal|p1a: Arceus|166/288\n|move|p2a: Toucannon|Beak Blast|p1a: Arceus\n|-damage|p1a: Arceus|30/288\n|\n|upkeep\n|turn|41\n|\n|t:|1782804038\n|-singleturn|p2a: Toucannon|move: Beak Blast\n|move|p1a: Arceus|Recover|p1a: Arceus\n|-heal|p1a: Arceus|174/288\n|move|p2a: Toucannon|Beak Blast|p1a: Arceus\n|-damage|p1a: Arceus|42/288\n|\n|upkeep\n|turn|42\n|\n|t:|1782804059\n|-singleturn|p2a: Toucannon|move: Beak Blast\n|move|p1a: Arceus|Recover|p1a: Arceus\n|-heal|p1a: Arceus|186/288\n|move|p2a: Toucannon|Beak Blast|p1a: Arceus\n|-damage|p1a: Arceus|68/288\n|\n|upkeep\n|turn|43\n|\n|t:|1782804066\n|-singleturn|p2a: Toucannon|move: Beak Blast\n|move|p1a: Arceus|Recover|p1a: Arceus\n|-heal|p1a: Arceus|212/288\n|move|p2a: Toucannon|Beak Blast|p1a: Arceus\n|-damage|p1a: Arceus|83/288\n|\n|upkeep\n|turn|44\n|\n|t:|1782804075\n|switch|p1a: Noctowl|Noctowl, L95, M|216/344\n|-singleturn|p2a: Toucannon|move: Beak Blast\n|move|p2a: Toucannon|Beak Blast|p1a: Noctowl\n|-crit|p1a: Noctowl\n|-damage|p1a: Noctowl|0 fnt\n|faint|p1a: Noctowl\n|\n|upkeep\n|\n|t:|1782804084\n|switch|p1a: Chi-Yu|Chi-Yu, L77|80/211\n|-ability|p1a: Chi-Yu|Beads of Ruin\n|turn|45\n|\n|t:|1782804105\n|move|p1a: Chi-Yu|Dark Pulse|p2a: Toucannon\n|-damage|p2a: Toucannon|0 fnt\n|faint|p2a: Toucannon\n|\n|upkeep\n|\n|t:|1782804111\n|switch|p2a: Cyclizar|Cyclizar, L83, F|186/252\n|turn|46\n|\n|t:|1782804118\n|switch|p1a: Camerupt|Camerupt, L91, F, tera:Grass|275/275\n|move|p2a: Cyclizar|Draco Meteor|p1a: Camerupt\n|-damage|p1a: Camerupt|143/275\n|-unboost|p2a: Cyclizar|spa|2\n|\n|-heal|p1a: Camerupt|160/275|[from] item: Leftovers\n|upkeep\n|turn|47\n|\n|t:|1782804132\n|switch|p2a: Giratina|Giratina, L75|252/349 slp\n|-ability|p2a: Giratina|Pressure\n|move|p1a: Camerupt|Earthquake|p2a: Giratina\n|-crit|p2a: Giratina\n|-damage|p2a: Giratina|92/349 slp\n|\n|-heal|p2a: Giratina|113/349 slp|[from] item: Leftovers\n|-heal|p1a: Camerupt|177/275|[from] item: Leftovers\n|upkeep\n|turn|48\n|\n|t:|1782804147\n|-curestatus|p2a: Giratina|slp|[msg]\n|move|p2a: Giratina|Rest|p2a: Giratina\n|-status|p2a: Giratina|slp|[from] move: Rest\n|-heal|p2a: Giratina|349/349 slp|[silent]\n|move|p1a: Camerupt|Earthquake|p2a: Giratina\n|-damage|p2a: Giratina|231/349 slp\n|\n|-heal|p2a: Giratina|252/349 slp|[from] item: Leftovers\n|-heal|p1a: Camerupt|194/275|[from] item: Leftovers\n|upkeep\n|turn|49\n|\n|t:|1782804157\n|switch|p1a: Arceus|Arceus-Dragon, L71|83/288\n|cant|p2a: Giratina|slp\n|move|p2a: Giratina|Sleep Talk|p2a: Giratina\n|move|p2a: Giratina|Dragon Tail|p1a: Arceus|[from] move: Sleep Talk\n|-supereffective|p1a: Arceus\n|-damage|p1a: Arceus|0 fnt\n|faint|p1a: Arceus\n|\n|-heal|p2a: Giratina|273/349 slp|[from] item: Leftovers\n|upkeep\n|-message|discotetis forfeited.\n|\n|win|Sciusciamiilflauto\n|raw|discotetis's rating: 1852 &rarr; <strong>1836</strong><br />(-16 for losing)\n|raw|Sciusciamiilflauto's rating: 1916 &rarr; <strong>1932</strong><br />(+16 for winning)\n", "inputlog": ">version f8ac14003a5f27e1bdc8d8c59608a773c1cb96e5\n>start {\"formatid\":\"gen9randombattle\",\"seed\":\"sodium,c2cf70e029f60fa8f4847a9e9f0f526a\",\"rated\":\"Rated battle\"}\n>player p1 {\"name\":\"discotetis\",\"avatar\":\"102\",\"rating\":1852,\"seed\":\"sodium,9e8a5dfb1fed87107d998c40c409d1e6\"}\n>player p2 {\"name\":\"Sciusciamiilflauto\",\"avatar\":\"medium\",\"rating\":1916,\"seed\":\"sodium,c99ab3319319cbbcecd331e8e2f33431\"}\n>p1 move hurricane\n>p2 switch 6\n>p1 switch 2\n>p2 move dragontail\n>p1 move wildcharge\n>p2 move dragontail\n>p1 switch 2\n>p2 move shadowball\n>p1 move hurricane\n>p2 move dragontail\n>p1 move dragondance\n>p2 move dragontail\n>p1 switch 5\n>p2 switch 2\n>p1 move hurricane\n>p2 move shedtail\n>p2 switch 2\n>p1 move hurricane\n>p2 move dragontail\n>p1 move stoneedge\n>p2 move shadowball\n>p1 move dragondance\n>p2 move rest\n>p1 move stoneedge\n>p2 move sleeptalk\n>p1 move stoneedge\n>p2 move sleeptalk\n>p1 switch 3\n>p1 move flamethrower\n>p2 switch 3\n>p1 switch 5\n>p2 move wildcharge\n>p1 move protect\n>p2 move wildcharge\n>p1 move scald\n>p2 switch 2\n>p1 move wish\n>p2 move taunt\n>p1 switch 2\n>p2 move shedtail\n>p2 switch 3\n>p1 move hurricane\n>p2 move rest\n>p1 switch 5\n>p2 move sleeptalk\n>p1 move darkpulse\n>p2 switch 6\n>p1 move darkpulse\n>p2 move darkpulse\n>p1 switch 5\n>p2 move darkpulse\n>p1 switch 2\n>p2 move darkpulse\n>p1 move wish\n>p2 switch 3\n>p1 move protect\n>p2 switch 6\n>p1 move wish\n>p2 switch 2\n>p1 move scald\n>p2 move wildcharge\n>p2 switch 5\n>p1 switch 4\n>p2 move calmmind\n>p1 move roar terastallize\n>p2 move originpulse\n>p1 switch 4\n>p2 move beakblast\n>p1 move wish\n>p2 move bulletseed\n>p1 switch 2\n>p1 move roost\n>p2 move boomburst\n>p1 move hypervoice\n>p2 switch 2\n>p1 move hurricane\n>p2 move sleeptalk\n>p1 move judgment\n>p2 switch 2\n>p1 move calmmind\n>p2 move beakblast\n>p1 move judgment\n>p2 move beakblast\n>p1 move recover\n>p2 move beakblast\n>p1 move recover\n>p2 move beakblast\n>p1 move recover\n>p2 move beakblast\n>p1 move recover\n>p2 move beakblast\n>p1 switch 6\n>p2 move beakblast\n>p1 switch 5\n>p1 move darkpulse\n>p2 move roost\n>p2 switch 6\n>p1 switch 4\n>p2 move dracometeor\n>p1 move earthquake\n>p2 switch 2\n>p1 move earthquake\n>p2 move rest\n>p1 switch 6\n>p2 move sleeptalk\n>forcelose p1", "uploadtime": 1782804165, "views": 3, "formatid": "gen9randombattle", "rating": 1836, "private": 0, "password": null, "player_dets": [{"name": "discotetis", "avatar": "102", "rating": 1852, "seed": "sodium,9e8a5dfb1fed87107d998c40c409d1e6"}, {"name": "Sciusciamiilflauto", "avatar": "medium", "rating": 1916, "seed": "sodium,c99ab3319319cbbcecd331e8e2f33431"}], "teams_full": [{"Noctowl": {"name": "Noctowl", "species": "Noctowl", "speciesId": "noctowl", "gender": "M", "shiny": false, "level": 95, "moves": ["roost", "hurricane", "hypervoice", "defog"], "ability": "Tinted Lens", "evs": {"hp": 85, "atk": 0, "def": 85, "spa": 85, "spd": 85, "spe": 85}, "ivs": {"hp": 31, "atk": 0, "def": 31, "spa": 31, "spd": 31, "spe": 31}, "item": "Heavy-Duty Boots", "teraType": "Normal", "role": "Bulky Attacker", "bvs": {"hp": 100, "atk": 50, "def": 50, "spa": 86, "spd": 96, "spe": 70}, "stats": {"hp": 344, "atk": 100, "def": 149, "spa": 217, "spd": 236, "spe": 187}, "types": ["Normal", "Flying"]}, "Chi-Yu": {"name": "Chi-Yu", "species": "Chi-Yu", "speciesId": "chiyu", "gender": "N", "shiny": false, "level": 77, "moves": ["overheat", "flamethrower", "darkpulse", "psychic"], "ability": "Beads of Ruin", "evs": {"hp": 85, "atk": 0, "def": 85, "spa": 85, "spd": 85, "spe": 85}, "ivs": {"hp": 31, "atk": 0, "def": 31, "spa": 31, "spd": 31, "spe": 31}, "item": "Choice Specs", "teraType": "Dark", "role": "Fast Attacker", "bvs": {"hp": 55, "atk": 80, "def": 80, "spa": 135, "spd": 120, "spe": 100}, "stats": {"hp": 211, "atk": 128, "def": 168, "spa": 252, "spd": 229, "spe": 199}, "types": ["Dark", "Fire"]}, "Iron Thorns": {"name": "Iron Thorns", "species": "Iron Thorns", "speciesId": "ironthorns", "gender": "N", "shiny": false, "level": 83, "moves": ["dragondance", "wildcharge", "stoneedge", "earthquake"], "ability": "Quark Drive", "evs": {"hp": 85, "atk": 85, "def": 85, "spa": 85, "spd": 85, "spe": 85}, "ivs": {"hp": 31, "atk": 31, "def": 31, "spa": 31, "spd": 31, "spe": 31}, "item": "Booster Energy", "teraType": "Flying", "role": "Fast Bulky Setup", "bvs": {"hp": 100, "atk": 134, "def": 110, "spa": 70, "spd": 84, "spe": 72}, "stats": {"hp": 302, "atk": 270, "def": 230, "spa": 164, "spd": 187, "spe": 167}, "types": ["Rock", "Electric"]}, "Camerupt": {"name": "Camerupt", "species": "Camerupt", "speciesId": "camerupt", "gender": "F", "shiny": false, "level": 91, "moves": ["stealthrock", "overheat", "earthquake", "roar"], "ability": "Solid Rock", "evs": {"hp": 85, "atk": 85, "def": 85, "spa": 85, "spd": 85, "spe": 85}, "ivs": {"hp": 31, "atk": 31, "def": 31, "spa": 31, "spd": 31, "spe": 31}, "item": "Leftovers", "teraType": "Grass", "role": "Bulky Support", "bvs": {"hp": 70, "atk": 100, "def": 70, "spa": 105, "spd": 75, "spe": 40}, "stats": {"hp": 275, "atk": 234, "def": 179, "spa": 243, "spd": 188, "spe": 125}, "types": ["Fire", "Ground"]}, "Vaporeon": {"name": "Vaporeon", "species": "Vaporeon", "speciesId": "vaporeon", "gender": "F", "shiny": false, "level": 86, "moves": ["scald", "protect", "wish", "roar"], "ability": "Water Absorb", "evs": {"hp": 85, "atk": 0, "def": 85, "spa": 85, "spd": 85, "spe": 85}, "ivs": {"hp": 31, "atk": 0, "def": 31, "spa": 31, "spd": 31, "spe": 31}, "item": "Leftovers", "teraType": "Poison", "role": "Bulky Attacker", "bvs": {"hp": 130, "atk": 65, "def": 60, "spa": 110, "spd": 95, "spe": 65}, "stats": {"hp": 364, "atk": 116, "def": 152, "spa": 238, "spd": 213, "spe": 161}, "types": ["Water"]}, "Arceus": {"name": "Arceus", "species": "Arceus-Dragon", "speciesId": "arceusdragon", "gender": "N", "shiny": false, "level": 71, "moves": ["recover", "judgment", "fireblast", "calmmind"], "ability": "Multitype", "evs": {"hp": 85, "atk": 0, "def": 85, "spa": 85, "spd": 85, "spe": 85}, "ivs": {"hp": 31, "atk": 0, "def": 31, "spa": 31, "spd": 31, "spe": 31}, "item": "Draco Plate", "teraType": "Fire", "role": "Fast Bulky Setup", "bvs": {"hp": 120, "atk": 120, "def": 120, "spa": 120, "spd": 120, "spe": 120}, "stats": {"hp": 288, "atk": 175, "def": 212, "spa": 212, "spd": 212, "spe": 212}, "types": ["Dragon"]}}, {"Chi-Yu": {"name": "Chi-Yu", "species": "Chi-Yu", "speciesId": "chiyu", "gender": "N", "shiny": false, "level": 77, "moves": ["fireblast", "willowisp", "darkpulse", "nastyplot"], "ability": "Beads of Ruin", "evs": {"hp": 85, "atk": 0, "def": 85, "spa": 85, "spd": 85, "spe": 85}, "ivs": {"hp": 31, "atk": 0, "def": 31, "spa": 31, "spd": 31, "spe": 31}, "item": "Heavy-Duty Boots", "teraType": "Dark", "role": "Setup Sweeper", "bvs": {"hp": 55, "atk": 80, "def": 80, "spa": 135, "spd": 120, "spe": 100}, "stats": {"hp": 211, "atk": 128, "def": 168, "spa": 252, "spd": 229, "spe": 199}, "types": ["Dark", "Fire"]}, "Cyclizar": {"name": "Cyclizar", "species": "Cyclizar", "speciesId": "cyclizar", "gender": "F", "shiny": false, "level": 83, "moves": ["dracometeor", "taunt", "rapidspin", "shedtail"], "ability": "Regenerator", "evs": {"hp": 85, "atk": 85, "def": 85, "spa": 85, "spd": 85, "spe": 85}, "ivs": {"hp": 31, "atk": 31, "def": 31, "spa": 31, "spd": 31, "spe": 31}, "item": "Heavy-Duty Boots", "teraType": "Fairy", "role": "Fast Support", "bvs": {"hp": 70, "atk": 95, "def": 65, "spa": 85, "spd": 65, "spe": 121}, "stats": {"hp": 252, "atk": 205, "def": 156, "spa": 189, "spd": 156, "spe": 249}, "types": ["Dragon", "Normal"]}, "Emboar": {"name": "Emboar", "species": "Emboar", "speciesId": "emboar", "gender": "M", "shiny": false, "level": 84, "moves": ["scald", "flareblitz", "wildcharge", "closecombat"], "ability": "Reckless", "evs": {"hp": 85, "atk": 85, "def": 85, "spa": 85, "spd": 85, "spe": 85}, "ivs": {"hp": 31, "atk": 31, "def": 31, "spa": 31, "spd": 31, "spe": 31}, "item": "Assault Vest", "teraType": "Electric", "role": "AV Pivot", "bvs": {"hp": 110, "atk": 123, "def": 65, "spa": 100, "spd": 65, "spe": 65}, "stats": {"hp": 322, "atk": 255, "def": 157, "spa": 216, "spd": 157, "spe": 157}, "types": ["Fire", "Fighting"]}, "Toucannon": {"name": "Toucannon", "species": "Toucannon", "speciesId": "toucannon", "gender": "F", "shiny": false, "level": 88, "moves": ["roost", "beakblast", "bulletseed", "boomburst"], "ability": "Skill Link", "evs": {"hp": 85, "atk": 85, "def": 85, "spa": 85, "spd": 85, "spe": 85}, "ivs": {"hp": 31, "atk": 31, "def": 31, "spa": 31, "spd": 31, "spe": 31}, "item": "Heavy-Duty Boots", "teraType": "Steel", "role": "Bulky Support", "bvs": {"hp": 80, "atk": 120, "def": 75, "spa": 75, "spd": 75, "spe": 60}, "stats": {"hp": 284, "atk": 261, "def": 182, "spa": 182, "spd": 182, "spe": 156}, "types": ["Normal", "Flying"]}, "Kyogre": {"name": "Kyogre", "species": "Kyogre", "speciesId": "kyogre", "gender": "N", "shiny": false, "level": 71, "moves": ["calmmind", "originpulse", "icebeam", "thunder"], "ability": "Drizzle", "evs": {"hp": 85, "atk": 0, "def": 85, "spa": 85, "spd": 85, "spe": 85}, "ivs": {"hp": 31, "atk": 0, "def": 31, "spa": 31, "spd": 31, "spe": 31}, "item": "Leftovers", "teraType": "Electric", "role": "Bulky Setup", "bvs": {"hp": 100, "atk": 100, "def": 90, "spa": 150, "spd": 140, "spe": 90}, "stats": {"hp": 259, "atk": 147, "def": 169, "spa": 254, "spd": 240, "spe": 169}, "types": ["Water"]}, "Giratina": {"name": "Giratina", "species": "Giratina", "speciesId": "giratina", "gender": "N", "shiny": false, "level": 75, "moves": ["dragontail", "rest", "shadowball", "sleeptalk"], "ability": "Pressure", "evs": {"hp": 85, "atk": 85, "def": 85, "spa": 85, "spd": 85, "spe": 85}, "ivs": {"hp": 31, "atk": 31, "def": 31, "spa": 31, "spd": 31, "spe": 31}, "item": "Leftovers", "teraType": "Fairy", "role": "Bulky Attacker", "bvs": {"hp": 150, "atk": 100, "def": 120, "spa": 100, "spd": 120, "spe": 90}, "stats": {"hp": 349, "atk": 194, "def": 224, "spa": 194, "spd": 224, "spe": 179}, "types": ["Ghost", "Dragon"]}}]}