{"id": "gen9randombattle-2641727186", "format": "[Gen 9] Random Battle", "players": ["cnnnnnnn", "Smart Gas"], "log": "|j|\u2606cnnnnnnn\n|j|\u2606Smart Gas\n|t:|1782834721\n|gametype|singles\n|player|p1|cnnnnnnn|170|1883\n|player|p2|Smart Gas|clavell-s|1965\n|gen|9\n|tier|[Gen 9] Random Battle\n|rated|\n|rule|Species Clause: Limit one of each Pok\u00e9mon\n|rule|HP Percentage Mod: HP is shown in percentages\n|rule|Sleep Clause Mod: Limit one foe put to sleep\n|rule|Illusion Level Mod: Illusion disguises the Pok\u00e9mon's true level\n|\n|t:|1782834721\n|teamsize|p1|6\n|teamsize|p2|6\n|start\n|switch|p1a: Mienshao|Mienshao, L83, F|243/243\n|switch|p2a: Chi-Yu|Chi-Yu, L77|211/211\n|-ability|p2a: Chi-Yu|Beads of Ruin\n|turn|1\n|inactive|Battle timer is ON: inactive players will automatically lose when time's up. (requested by Smart Gas)\n|\n|t:|1782834729\n|switch|p2a: Dachsbun|Dachsbun, L92, F|254/254\n|move|p1a: Mienshao|High Jump Kick|p2a: Dachsbun\n|-resisted|p2a: Dachsbun\n|-damage|p2a: Dachsbun|146/254\n|\n|-heal|p2a: Dachsbun|161/254|[from] item: Leftovers\n|upkeep\n|turn|2\n|\n|t:|1782834744\n|switch|p1a: Camerupt|Camerupt, L91, M|275/275\n|move|p2a: Dachsbun|Wish|p2a: Dachsbun\n|\n|-heal|p2a: Dachsbun|176/254|[from] item: Leftovers\n|upkeep\n|turn|3\n|\n|t:|1782834749\n|move|p2a: Dachsbun|Yawn|p1a: Camerupt\n|-start|p1a: Camerupt|move: Yawn|[of] p2a: Dachsbun\n|move|p1a: Camerupt|Stealth Rock|p2a: Dachsbun\n|-sidestart|p2: Smart Gas|move: Stealth Rock\n|\n|-heal|p2a: Dachsbun|254/254|[from] move: Wish|[wisher] Dachsbun\n|upkeep\n|turn|4\n|\n|t:|1782834761\n|switch|p1a: Basculin|Basculin-Blue-Striped, L86, M|261/261\n|move|p2a: Dachsbun|Play Rough|p1a: Basculin\n|-damage|p1a: Basculin|152/261\n|\n|upkeep\n|turn|5\n|\n|t:|1782834769\n|move|p2a: Dachsbun|Protect|p2a: Dachsbun\n|-singleturn|p2a: Dachsbun|Protect\n|move|p1a: Basculin|Flip Turn|p2a: Dachsbun\n|-activate|p2a: Dachsbun|move: Protect\n|\n|upkeep\n|turn|6\n|\n|t:|1782834776\n|move|p2a: Dachsbun|Wish|p2a: Dachsbun\n|move|p1a: Basculin|Flip Turn|p2a: Dachsbun\n|-damage|p2a: Dachsbun|162/254\n|\n|t:|1782834782\n|switch|p1a: Mienshao|Mienshao, L83, F|243/243|[from] Flip Turn\n|\n|-heal|p2a: Dachsbun|177/254|[from] item: Leftovers\n|upkeep\n|turn|7\n|\n|t:|1782834809\n|switch|p1a: Camerupt|Camerupt, L91, M|275/275\n|move|p2a: Dachsbun|Play Rough|p1a: Camerupt\n|-resisted|p1a: Camerupt\n|-damage|p1a: Camerupt|226/275\n|\n|-heal|p2a: Dachsbun|254/254|[from] move: Wish|[wisher] Dachsbun\n|-heal|p1a: Camerupt|243/275|[from] item: Leftovers\n|upkeep\n|turn|8\n|\n|t:|1782834814\n|move|p2a: Dachsbun|Yawn|p1a: Camerupt\n|-start|p1a: Camerupt|move: Yawn|[of] p2a: Dachsbun\n|move|p1a: Camerupt|Earthquake|p2a: Dachsbun\n|-damage|p2a: Dachsbun|167/254\n|\n|-heal|p2a: Dachsbun|182/254|[from] item: Leftovers\n|-heal|p1a: Camerupt|260/275|[from] item: Leftovers\n|upkeep\n|turn|9\n|\n|t:|1782834822\n|switch|p1a: Wigglytuff|Wigglytuff, L96, F|424/424\n|move|p2a: Dachsbun|Play Rough|p1a: Wigglytuff\n|-damage|p1a: Wigglytuff|279/424\n|-unboost|p1a: Wigglytuff|atk|1\n|-ability|p1a: Wigglytuff|Competitive|boost\n|-boost|p1a: Wigglytuff|spa|2\n|\n|-heal|p2a: Dachsbun|197/254|[from] item: Leftovers\n|-heal|p1a: Wigglytuff|305/424|[from] item: Leftovers\n|upkeep\n|turn|10\n|\n|t:|1782834835\n|move|p1a: Wigglytuff|Protect|p1a: Wigglytuff\n|-singleturn|p1a: Wigglytuff|Protect\n|move|p2a: Dachsbun|Yawn|p1a: Wigglytuff\n|-activate|p1a: Wigglytuff|move: Protect\n|\n|-heal|p2a: Dachsbun|212/254|[from] item: Leftovers\n|-heal|p1a: Wigglytuff|331/424|[from] item: Leftovers\n|upkeep\n|turn|11\n|\n|t:|1782834841\n|move|p2a: Dachsbun|Yawn|p1a: Wigglytuff\n|-start|p1a: Wigglytuff|move: Yawn|[of] p2a: Dachsbun\n|move|p1a: Wigglytuff|Alluring Voice|p2a: Dachsbun\n|-damage|p2a: Dachsbun|34/254\n|\n|-heal|p2a: Dachsbun|49/254|[from] item: Leftovers\n|-heal|p1a: Wigglytuff|357/424|[from] item: Leftovers\n|upkeep\n|turn|12\n|\n|t:|1782834848\n|move|p2a: Dachsbun|Protect|p2a: Dachsbun\n|-singleturn|p2a: Dachsbun|Protect\n|move|p1a: Wigglytuff|Wish|p1a: Wigglytuff\n|\n|-heal|p2a: Dachsbun|64/254|[from] item: Leftovers\n|-heal|p1a: Wigglytuff|383/424|[from] item: Leftovers\n|-end|p1a: Wigglytuff|move: Yawn|[silent]\n|-status|p1a: Wigglytuff|slp\n|upkeep\n|turn|13\n|\n|t:|1782834863\n|move|p2a: Dachsbun|Wish|p2a: Dachsbun\n|cant|p1a: Wigglytuff|slp\n|\n|-heal|p1a: Wigglytuff|424/424 slp|[from] move: Wish|[wisher] Wigglytuff\n|-heal|p2a: Dachsbun|79/254|[from] item: Leftovers\n|upkeep\n|turn|14\n|\n|t:|1782834869\n|move|p2a: Dachsbun|Protect|p2a: Dachsbun\n|-singleturn|p2a: Dachsbun|Protect\n|-curestatus|p1a: Wigglytuff|slp|[msg]\n|move|p1a: Wigglytuff|Knock Off|p2a: Dachsbun\n|-activate|p2a: Dachsbun|move: Protect\n|\n|-heal|p2a: Dachsbun|206/254|[from] move: Wish|[wisher] Dachsbun\n|-heal|p2a: Dachsbun|221/254|[from] item: Leftovers\n|upkeep\n|turn|15\n|\n|t:|1782834877\n|switch|p2a: Magmortar|Magmortar, L88, M|275/275\n|move|p1a: Wigglytuff|Knock Off|p2a: Magmortar\n|-damage|p2a: Magmortar|220/275\n|-status|p1a: Wigglytuff|brn|[from] ability: Flame Body|[of] p2a: Magmortar\n|-enditem|p2a: Magmortar|Heavy-Duty Boots|[from] move: Knock Off|[of] p1a: Wigglytuff\n|\n|-damage|p1a: Wigglytuff|398/424 brn|[from] brn\n|upkeep\n|turn|16\n|\n|t:|1782834885\n|switch|p1a: Camerupt|Camerupt, L91, M|260/275\n|move|p2a: Magmortar|Fire Blast|p1a: Camerupt\n|-resisted|p1a: Camerupt\n|-damage|p1a: Camerupt|182/275\n|\n|-heal|p1a: Camerupt|199/275|[from] item: Leftovers\n|upkeep\n|turn|17\n|\n|t:|1782834889\n|move|p2a: Magmortar|Knock Off|p1a: Camerupt\n|-damage|p1a: Camerupt|110/275\n|-enditem|p1a: Camerupt|Leftovers|[from] move: Knock Off|[of] p2a: Magmortar\n|move|p1a: Camerupt|Earthquake|p2a: Magmortar\n|-supereffective|p2a: Magmortar\n|-damage|p2a: Magmortar|0 fnt\n|faint|p2a: Magmortar\n|\n|upkeep\n|\n|t:|1782834897\n|switch|p2a: Palossand|Palossand, L89, F|296/296\n|-damage|p2a: Palossand|278/296|[from] Stealth Rock\n|turn|18\n|\n|t:|1782834921\n|switch|p1a: Umbreon|Umbreon, L84, M|297/297\n|move|p2a: Palossand|Stealth Rock|p1a: Umbreon\n|-sidestart|p1: cnnnnnnn|move: Stealth Rock\n|\n|-heal|p2a: Palossand|296/296|[from] item: Leftovers\n|upkeep\n|turn|19\n|\n|t:|1782834936\n|switch|p2a: Lokix|Lokix, L82, M|251/251\n|-damage|p2a: Lokix|189/251|[from] Stealth Rock\n|move|p1a: Umbreon|Toxic|p2a: Lokix\n|-status|p2a: Lokix|tox\n|\n|-damage|p2a: Lokix|174/251 tox|[from] psn\n|upkeep\n|turn|20\n|\n|t:|1782834948\n|move|p1a: Umbreon|Protect|p1a: Umbreon\n|-singleturn|p1a: Umbreon|Protect\n|move|p2a: Lokix|U-turn|p1a: Umbreon\n|-activate|p1a: Umbreon|move: Protect\n|\n|-damage|p2a: Lokix|144/251 tox|[from] psn\n|upkeep\n|turn|21\n|\n|t:|1782834953\n|switch|p1a: Camerupt|Camerupt, L91, M|110/275\n|-damage|p1a: Camerupt|76/275|[from] Stealth Rock\n|move|p2a: Lokix|U-turn|p1a: Camerupt\n|-resisted|p1a: Camerupt\n|-damage|p1a: Camerupt|0 fnt\n|faint|p1a: Camerupt\n|\n|t:|1782834966\n|switch|p2a: Latios|Latios, L78, M|253/253|[from] U-turn\n|-damage|p2a: Latios|222/253|[from] Stealth Rock\n|\n|upkeep\n|\n|t:|1782834984\n|switch|p1a: Umbreon|Umbreon, L84, M|297/297\n|-damage|p1a: Umbreon|260/297|[from] Stealth Rock\n|turn|22\n|\n|t:|1782834992\n|-terastallize|p2a: Latios|Steel\n|move|p2a: Latios|Calm Mind|p2a: Latios\n|-boost|p2a: Latios|spa|1\n|-boost|p2a: Latios|spd|1\n|move|p1a: Umbreon|Foul Play|p2a: Latios\n|-crit|p2a: Latios\n|-damage|p2a: Latios|110/253\n|\n|-heal|p1a: Umbreon|278/297|[from] item: Leftovers\n|upkeep\n|turn|23\n|\n|t:|1782835001\n|move|p2a: Latios|Psyshock|p1a: Umbreon\n|-immune|p1a: Umbreon\n|move|p1a: Umbreon|Foul Play|p2a: Latios\n|-damage|p2a: Latios|34/253\n|\n|-heal|p1a: Umbreon|296/297|[from] item: Leftovers\n|upkeep\n|turn|24\n|\n|t:|1782835007\n|move|p2a: Latios|Recover|p2a: Latios\n|-heal|p2a: Latios|161/253\n|move|p1a: Umbreon|Wish|p1a: Umbreon\n|\n|-heal|p1a: Umbreon|297/297|[from] item: Leftovers\n|upkeep\n|turn|25\n|\n|t:|1782835018\n|move|p2a: Latios|Draco Meteor|p1a: Umbreon\n|-damage|p1a: Umbreon|96/297\n|-unboost|p2a: Latios|spa|2\n|move|p1a: Umbreon|Foul Play|p2a: Latios\n|-damage|p2a: Latios|76/253\n|\n|-heal|p1a: Umbreon|244/297|[from] move: Wish|[wisher] Umbreon\n|-heal|p1a: Umbreon|262/297|[from] item: Leftovers\n|upkeep\n|turn|26\n|\n|t:|1782835026\n|switch|p1a: Mienshao|Mienshao, L83, F|243/243\n|-damage|p1a: Mienshao|228/243|[from] Stealth Rock\n|move|p2a: Latios|Recover|p2a: Latios\n|-heal|p2a: Latios|203/253\n|\n|upkeep\n|turn|27\n|\n|t:|1782835035\n|switch|p2a: Dachsbun|Dachsbun, L92, F|221/254\n|-damage|p2a: Dachsbun|190/254|[from] Stealth Rock\n|move|p1a: Mienshao|Knock Off|p2a: Dachsbun\n|-resisted|p2a: Dachsbun\n|-damage|p2a: Dachsbun|143/254\n|-enditem|p2a: Dachsbun|Leftovers|[from] move: Knock Off|[of] p1a: Mienshao\n|\n|upkeep\n|turn|28\n|\n|t:|1782835043\n|switch|p1a: Wigglytuff|Wigglytuff, L96, F|398/424 brn\n|-damage|p1a: Wigglytuff|345/424 brn|[from] Stealth Rock\n|move|p2a: Dachsbun|Wish|p2a: Dachsbun\n|\n|-heal|p1a: Wigglytuff|371/424 brn|[from] item: Leftovers\n|-damage|p1a: Wigglytuff|345/424 brn|[from] brn\n|upkeep\n|turn|29\n|\n|t:|1782835052\n|move|p2a: Dachsbun|Protect|p2a: Dachsbun\n|-singleturn|p2a: Dachsbun|Protect\n|move|p1a: Wigglytuff|Wish|p1a: Wigglytuff\n|\n|-heal|p2a: Dachsbun|254/254|[from] move: Wish|[wisher] Dachsbun\n|-heal|p1a: Wigglytuff|371/424 brn|[from] item: Leftovers\n|-damage|p1a: Wigglytuff|345/424 brn|[from] brn\n|upkeep\n|turn|30\n|\n|t:|1782835057\n|switch|p2a: Palossand|Palossand, L89, F|296/296\n|-damage|p2a: Palossand|278/296|[from] Stealth Rock\n|switch|p1a: Basculin|Basculin-Blue-Striped, L86, M|152/261\n|-damage|p1a: Basculin|120/261|[from] Stealth Rock\n|\n|-heal|p1a: Basculin|261/261|[from] move: Wish|[wisher] Wigglytuff\n|-heal|p2a: Palossand|296/296|[from] item: Leftovers\n|upkeep\n|turn|31\n|\n|t:|1782835064\n|move|p1a: Basculin|Flip Turn|p2a: Palossand\n|-supereffective|p2a: Palossand\n|-damage|p2a: Palossand|88/296\n|-ability|p2a: Palossand|Water Compaction|boost\n|-boost|p2a: Palossand|def|2\n|\n|t:|1782835068\n|switch|p1a: Umbreon|Umbreon, L84, M|262/297|[from] Flip Turn\n|-damage|p1a: Umbreon|225/297|[from] Stealth Rock\n|move|p2a: Palossand|Shadow Ball|p1a: Umbreon\n|-resisted|p1a: Umbreon\n|-damage|p1a: Umbreon|190/297\n|-unboost|p1a: Umbreon|spd|1\n|\n|-heal|p1a: Umbreon|208/297|[from] item: Leftovers\n|-heal|p2a: Palossand|106/296|[from] item: Leftovers\n|upkeep\n|turn|32\n|\n|t:|1782835073\n|move|p1a: Umbreon|Wish|p1a: Umbreon\n|move|p2a: Palossand|Earth Power|p1a: Umbreon\n|-damage|p1a: Umbreon|97/297\n|-unboost|p1a: Umbreon|spd|1\n|\n|-heal|p1a: Umbreon|115/297|[from] item: Leftovers\n|-heal|p2a: Palossand|124/296|[from] item: Leftovers\n|upkeep\n|turn|33\n|\n|t:|1782835076\n|move|p1a: Umbreon|Foul Play|p2a: Palossand\n|-supereffective|p2a: Palossand\n|-damage|p2a: Palossand|68/296\n|move|p2a: Palossand|Shore Up|p2a: Palossand\n|-heal|p2a: Palossand|216/296\n|\n|-heal|p1a: Umbreon|263/297|[from] move: Wish|[wisher] Umbreon\n|-heal|p1a: Umbreon|281/297|[from] item: Leftovers\n|-heal|p2a: Palossand|234/296|[from] item: Leftovers\n|upkeep\n|turn|34\n|\n|t:|1782835080\n|move|p1a: Umbreon|Toxic|p2a: Palossand\n|-status|p2a: Palossand|tox\n|move|p2a: Palossand|Earth Power|p1a: Umbreon\n|-damage|p1a: Umbreon|128/297\n|\n|-heal|p1a: Umbreon|146/297|[from] item: Leftovers\n|-heal|p2a: Palossand|252/296 tox|[from] item: Leftovers\n|-damage|p2a: Palossand|234/296 tox|[from] psn\n|upkeep\n|turn|35\n|\n|t:|1782835084\n|move|p1a: Umbreon|Protect|p1a: Umbreon\n|-singleturn|p1a: Umbreon|Protect\n|move|p2a: Palossand|Earth Power|p1a: Umbreon\n|-activate|p1a: Umbreon|move: Protect\n|\n|-heal|p1a: Umbreon|164/297|[from] item: Leftovers\n|-heal|p2a: Palossand|252/296 tox|[from] item: Leftovers\n|-damage|p2a: Palossand|216/296 tox|[from] psn\n|upkeep\n|turn|36\n|\n|t:|1782835092\n|switch|p1a: Wigglytuff|Wigglytuff, L96, F|345/424 brn\n|-damage|p1a: Wigglytuff|292/424 brn|[from] Stealth Rock\n|move|p2a: Palossand|Earth Power|p1a: Wigglytuff\n|-damage|p1a: Wigglytuff|144/424 brn\n|\n|-heal|p1a: Wigglytuff|170/424 brn|[from] item: Leftovers\n|-heal|p2a: Palossand|234/296 tox|[from] item: Leftovers\n|-damage|p2a: Palossand|180/296 tox|[from] psn\n|-damage|p1a: Wigglytuff|144/424 brn|[from] brn\n|upkeep\n|turn|37\n|\n|t:|1782835099\n|move|p1a: Wigglytuff|Protect|p1a: Wigglytuff\n|-singleturn|p1a: Wigglytuff|Protect\n|move|p2a: Palossand|Earth Power|p1a: Wigglytuff\n|-activate|p1a: Wigglytuff|move: Protect\n|\n|-heal|p1a: Wigglytuff|170/424 brn|[from] item: Leftovers\n|-heal|p2a: Palossand|198/296 tox|[from] item: Leftovers\n|-damage|p2a: Palossand|126/296 tox|[from] psn\n|-damage|p1a: Wigglytuff|144/424 brn|[from] brn\n|upkeep\n|turn|38\n|\n|t:|1782835106\n|move|p1a: Wigglytuff|Alluring Voice|p2a: Palossand\n|-damage|p2a: Palossand|12/296 tox\n|move|p2a: Palossand|Earth Power|p1a: Wigglytuff\n|-damage|p1a: Wigglytuff|11/424 brn\n|\n|-heal|p1a: Wigglytuff|37/424 brn|[from] item: Leftovers\n|-heal|p2a: Palossand|30/296 tox|[from] item: Leftovers\n|-damage|p2a: Palossand|0 fnt|[from] psn\n|faint|p2a: Palossand\n|-damage|p1a: Wigglytuff|11/424 brn|[from] brn\n|upkeep\n|\n|t:|1782835117\n|switch|p2a: Chi-Yu|Chi-Yu, L77|211/211\n|-ability|p2a: Chi-Yu|Beads of Ruin\n|turn|39\n|\n|t:|1782835123\n|move|p2a: Chi-Yu|Dark Pulse|p1a: Wigglytuff\n|-resisted|p1a: Wigglytuff\n|-damage|p1a: Wigglytuff|0 fnt\n|faint|p1a: Wigglytuff\n|\n|upkeep\n|\n|t:|1782835126\n|switch|p1a: Umbreon|Umbreon, L84, M|164/297\n|-damage|p1a: Umbreon|127/297|[from] Stealth Rock\n|turn|40\n|\n|t:|1782835142\n|move|p2a: Chi-Yu|Fire Blast|p1a: Umbreon\n|-damage|p1a: Umbreon|3/297\n|move|p1a: Umbreon|Wish|p1a: Umbreon\n|\n|-heal|p1a: Umbreon|21/297|[from] item: Leftovers\n|upkeep\n|turn|41\n|\n|t:|1782835146\n|move|p1a: Umbreon|Protect|p1a: Umbreon\n|-singleturn|p1a: Umbreon|Protect\n|move|p2a: Chi-Yu|Nasty Plot|p2a: Chi-Yu\n|-boost|p2a: Chi-Yu|spa|2\n|\n|-heal|p1a: Umbreon|169/297|[from] move: Wish|[wisher] Umbreon\n|-heal|p1a: Umbreon|187/297|[from] item: Leftovers\n|upkeep\n|turn|42\n|\n|t:|1782835152\n|move|p2a: Chi-Yu|Fire Blast|p1a: Umbreon\n|-damage|p1a: Umbreon|0 fnt\n|faint|p1a: Umbreon\n|\n|upkeep\n|\n|t:|1782835161\n|switch|p1a: Basculin|Basculin-Blue-Striped, L86, M|261/261\n|-damage|p1a: Basculin|229/261|[from] Stealth Rock\n|turn|43\n|\n|t:|1782835170\n|switch|p2a: Lokix|Lokix, L82, M|144/251 tox\n|-damage|p2a: Lokix|82/251 tox|[from] Stealth Rock\n|-terastallize|p1a: Basculin|Water\n|move|p1a: Basculin|Wave Crash|p2a: Lokix\n|-damage|p2a: Lokix|0 fnt\n|faint|p2a: Lokix\n|-damage|p1a: Basculin|202/261|[from] Recoil\n|\n|upkeep\n|\n|t:|1782835178\n|switch|p2a: Dachsbun|Dachsbun, L92, F|254/254\n|-damage|p2a: Dachsbun|223/254|[from] Stealth Rock\n|turn|44\n|\n|t:|1782835183\n|move|p2a: Dachsbun|Play Rough|p1a: Basculin|[miss]\n|-miss|p2a: Dachsbun|p1a: Basculin\n|move|p1a: Basculin|Wave Crash|p2a: Dachsbun\n|-damage|p2a: Dachsbun|12/254\n|-damage|p1a: Basculin|132/261|[from] Recoil\n|\n|upkeep\n|turn|45\n|-message|Smart Gas forfeited.\n|\n|win|cnnnnnnn\n|raw|cnnnnnnn's rating: 1883 &rarr; <strong>1908</strong><br />(+25 for winning)\n|raw|Smart Gas's rating: 1965 &rarr; <strong>1940</strong><br />(-25 for losing)\n", "inputlog": ">version f8ac14003a5f27e1bdc8d8c59608a773c1cb96e5\n>start {\"formatid\":\"gen9randombattle\",\"seed\":\"sodium,5da1565586547d928eec8bae2050f950\",\"rated\":\"Rated battle\"}\n>player p1 {\"name\":\"cnnnnnnn\",\"avatar\":\"170\",\"rating\":1883,\"seed\":\"sodium,b8f0d6908f8c3af096f7ec459a6f4730\"}\n>player p2 {\"name\":\"Smart Gas\",\"avatar\":\"clavell-s\",\"rating\":1965,\"seed\":\"sodium,b48aa9a890b8254316cb80b1206f7727\"}\n>p1 move highjumpkick\n>p2 switch 6\n>p1 switch 5\n>p2 move wish\n>p1 move stealthrock\n>p2 move yawn\n>p1 switch 6\n>p2 move playrough\n>p1 move flipturn\n>p2 move protect\n>p1 move flipturn\n>p2 move wish\n>p1 switch 5\n>p1 switch 6\n>p2 move playrough\n>p1 move earthquake\n>p2 move yawn\n>p1 switch 3\n>p2 move playrough\n>p1 move protect\n>p2 move yawn\n>p1 move alluringvoice\n>p2 move yawn\n>p1 move wish\n>p2 move protect\n>p1 move alluringvoice\n>p2 move wish\n>p1 move knockoff\n>p2 move protect\n>p1 move knockoff\n>p2 switch 3\n>p1 switch 3\n>p2 move fireblast\n>p1 move earthquake\n>p2 move knockoff\n>p2 switch 4\n>p1 switch 4\n>p2 move stealthrock\n>p1 move toxic\n>p2 switch 2\n>p1 move protect\n>p2 move uturn\n>p1 switch 4\n>p2 move uturn\n>p2 switch 5\n>p1 switch 4\n>p1 move foulplay\n>p2 move calmmind terastallize\n>p1 move foulplay\n>p2 move psyshock\n>p1 move wish\n>p2 move recover\n>p1 move foulplay\n>p2 move dracometeor\n>p1 switch 6\n>p2 move recover\n>p1 move knockoff\n>p2 switch 3\n>p1 switch 3\n>p2 move wish\n>p1 move wish\n>p2 move protect\n>p1 switch 5\n>p2 switch 2\n>p1 move flipturn\n>p2 move shadowball\n>p1 switch 6\n>p1 move wish\n>p2 move earthpower\n>p1 move foulplay\n>p2 move shoreup\n>p1 move toxic\n>p2 move earthpower\n>p1 move protect\n>p2 move earthpower\n>p1 switch 5\n>p2 move earthpower\n>p1 move protect\n>p2 move earthpower\n>p1 move alluringvoice\n>p2 move earthpower\n>p2 switch 6\n>p1 move wish\n>p2 move darkpulse\n>p1 switch 5\n>p1 move wish\n>p2 move fireblast\n>p1 move protect\n>p2 move nastyplot\n>p1 move toxic\n>p2 move fireblast\n>p1 switch 6\n>p1 move wavecrash terastallize\n>p2 switch 5\n>p2 switch 2\n>p1 move wavecrash\n>p2 move playrough\n>forcelose p2", "uploadtime": 1782835187, "views": 4, "formatid": "gen9randombattle", "rating": 1908, "private": 0, "password": null, "player_dets": [{"name": "cnnnnnnn", "avatar": "170", "rating": 1883, "seed": "sodium,b8f0d6908f8c3af096f7ec459a6f4730"}, {"name": "Smart Gas", "avatar": "clavell-s", "rating": 1965, "seed": "sodium,b48aa9a890b8254316cb80b1206f7727"}], "teams_full": [{"Mienshao": {"name": "Mienshao", "species": "Mienshao", "speciesId": "mienshao", "gender": "F", "shiny": false, "level": 83, "moves": ["highjumpkick", "poisonjab", "knockoff", "stoneedge"], "ability": "Reckless", "evs": {"hp": 81, "atk": 85, "def": 85, "spa": 85, "spd": 85, "spe": 85}, "ivs": {"hp": 31, "atk": 31, "def": 31, "spa": 31, "spd": 31, "spe": 31}, "item": "Choice Band", "teraType": "Fighting", "role": "Wallbreaker", "bvs": {"hp": 65, "atk": 125, "def": 60, "spa": 95, "spd": 60, "spe": 105}, "stats": {"hp": 243, "atk": 255, "def": 147, "spa": 205, "spd": 147, "spe": 222}, "types": ["Fighting"]}, "Hoopa": {"name": "Hoopa", "species": "Hoopa", "speciesId": "hoopa", "gender": "N", "shiny": false, "level": 85, "moves": ["nastyplot", "psychic", "focusblast", "shadowball"], "ability": "Magician", "evs": {"hp": 85, "atk": 0, "def": 85, "spa": 85, "spd": 85, "spe": 85}, "ivs": {"hp": 31, "atk": 0, "def": 31, "spa": 31, "spd": 31, "spe": 31}, "item": "Life Orb", "teraType": "Ghost", "role": "Fast Attacker", "bvs": {"hp": 80, "atk": 110, "def": 60, "spa": 150, "spd": 130, "spe": 70}, "stats": {"hp": 275, "atk": 192, "def": 151, "spa": 304, "spd": 270, "spe": 168}, "types": ["Psychic", "Ghost"]}, "Wigglytuff": {"name": "Wigglytuff", "species": "Wigglytuff", "speciesId": "wigglytuff", "gender": "F", "shiny": false, "level": 96, "moves": ["knockoff", "wish", "alluringvoice", "protect"], "ability": "Competitive", "evs": {"hp": 85, "atk": 85, "def": 85, "spa": 85, "spd": 85, "spe": 85}, "ivs": {"hp": 31, "atk": 31, "def": 31, "spa": 31, "spd": 31, "spe": 31}, "item": "Leftovers", "teraType": "Poison", "role": "Bulky Support", "bvs": {"hp": 140, "atk": 70, "def": 45, "spa": 85, "spd": 50, "spe": 45}, "stats": {"hp": 424, "atk": 189, "def": 141, "spa": 218, "spd": 150, "spe": 141}, "types": ["Normal", "Fairy"]}, "Umbreon": {"name": "Umbreon", "species": "Umbreon", "speciesId": "umbreon", "gender": "M", "shiny": false, "level": 84, "moves": ["protect", "toxic", "foulplay", "wish"], "ability": "Synchronize", "evs": {"hp": 85, "atk": 0, "def": 85, "spa": 85, "spd": 85, "spe": 85}, "ivs": {"hp": 31, "atk": 0, "def": 31, "spa": 31, "spd": 31, "spe": 31}, "item": "Leftovers", "teraType": "Poison", "role": "Bulky Support", "bvs": {"hp": 95, "atk": 65, "def": 110, "spa": 60, "spd": 130, "spe": 65}, "stats": {"hp": 297, "atk": 114, "def": 233, "spa": 149, "spd": 267, "spe": 157}, "types": ["Dark"]}, "Camerupt": {"name": "Camerupt", "species": "Camerupt", "speciesId": "camerupt", "gender": "M", "shiny": false, "level": 91, "moves": ["stealthrock", "earthquake", "overheat", "willowisp"], "ability": "Solid Rock", "evs": {"hp": 85, "atk": 85, "def": 85, "spa": 85, "spd": 85, "spe": 85}, "ivs": {"hp": 31, "atk": 31, "def": 31, "spa": 31, "spd": 31, "spe": 31}, "item": "Leftovers", "teraType": "Water", "role": "Bulky Support", "bvs": {"hp": 70, "atk": 100, "def": 70, "spa": 105, "spd": 75, "spe": 40}, "stats": {"hp": 275, "atk": 234, "def": 179, "spa": 243, "spd": 188, "spe": 125}, "types": ["Fire", "Ground"]}, "Basculin": {"name": "Basculin", "species": "Basculin-Blue-Striped", "speciesId": "basculin", "gender": "M", "shiny": false, "level": 86, "moves": ["doubleedge", "aquajet", "flipturn", "wavecrash"], "ability": "Adaptability", "evs": {"hp": 85, "atk": 85, "def": 85, "spa": 85, "spd": 85, "spe": 85}, "ivs": {"hp": 31, "atk": 31, "def": 31, "spa": 31, "spd": 31, "spe": 31}, "item": "Choice Band", "teraType": "Water", "role": "Wallbreaker", "bvs": {"hp": 70, "atk": 92, "def": 65, "spa": 80, "spd": 55, "spe": 98}, "stats": {"hp": 261, "atk": 207, "def": 161, "spa": 187, "spd": 144, "spe": 218}, "types": ["Water"]}}, {"Chi-Yu": {"name": "Chi-Yu", "species": "Chi-Yu", "speciesId": "chiyu", "gender": "N", "shiny": false, "level": 77, "moves": ["nastyplot", "psychic", "darkpulse", "fireblast"], "ability": "Beads of Ruin", "evs": {"hp": 85, "atk": 0, "def": 85, "spa": 85, "spd": 85, "spe": 85}, "ivs": {"hp": 31, "atk": 0, "def": 31, "spa": 31, "spd": 31, "spe": 31}, "item": "Heavy-Duty Boots", "teraType": "Dark", "role": "Setup Sweeper", "bvs": {"hp": 55, "atk": 80, "def": 80, "spa": 135, "spd": 120, "spe": 100}, "stats": {"hp": 211, "atk": 128, "def": 168, "spa": 252, "spd": 229, "spe": 199}, "types": ["Dark", "Fire"]}, "Lokix": {"name": "Lokix", "species": "Lokix", "speciesId": "lokix", "gender": "M", "shiny": false, "level": 82, "moves": ["knockoff", "firstimpression", "uturn", "suckerpunch"], "ability": "Tinted Lens", "evs": {"hp": 85, "atk": 85, "def": 85, "spa": 85, "spd": 85, "spe": 85}, "ivs": {"hp": 31, "atk": 31, "def": 31, "spa": 31, "spd": 31, "spe": 31}, "item": "Silver Powder", "teraType": "Bug", "role": "Fast Attacker", "bvs": {"hp": 71, "atk": 102, "def": 78, "spa": 52, "spd": 55, "spe": 92}, "stats": {"hp": 251, "atk": 214, "def": 175, "spa": 132, "spd": 137, "spe": 198}, "types": ["Bug", "Dark"]}, "Magmortar": {"name": "Magmortar", "species": "Magmortar", "speciesId": "magmortar", "gender": "M", "shiny": false, "level": 88, "moves": ["knockoff", "focusblast", "fireblast", "thunderbolt"], "ability": "Flame Body", "evs": {"hp": 85, "atk": 85, "def": 85, "spa": 85, "spd": 85, "spe": 85}, "ivs": {"hp": 31, "atk": 31, "def": 31, "spa": 31, "spd": 31, "spe": 31}, "item": "Heavy-Duty Boots", "teraType": "Water", "role": "Wallbreaker", "bvs": {"hp": 75, "atk": 95, "def": 67, "spa": 125, "spd": 95, "spe": 83}, "stats": {"hp": 275, "atk": 217, "def": 168, "spa": 270, "spd": 217, "spe": 196}, "types": ["Fire"]}, "Palossand": {"name": "Palossand", "species": "Palossand", "speciesId": "palossand", "gender": "F", "shiny": false, "level": 89, "moves": ["earthpower", "stealthrock", "shoreup", "shadowball"], "ability": "Water Compaction", "evs": {"hp": 85, "atk": 0, "def": 85, "spa": 85, "spd": 85, "spe": 85}, "ivs": {"hp": 31, "atk": 0, "def": 31, "spa": 31, "spd": 31, "spe": 31}, "item": "Leftovers", "teraType": "Water", "role": "Bulky Support", "bvs": {"hp": 85, "atk": 75, "def": 110, "spa": 100, "spd": 75, "spe": 35}, "stats": {"hp": 296, "atk": 138, "def": 247, "spa": 229, "spd": 184, "spe": 113}, "types": ["Ghost", "Ground"]}, "Latios": {"name": "Latios", "species": "Latios", "speciesId": "latios", "gender": "M", "shiny": false, "level": 78, "moves": ["dracometeor", "recover", "psyshock", "calmmind"], "ability": "Levitate", "evs": {"hp": 85, "atk": 0, "def": 85, "spa": 85, "spd": 85, "spe": 85}, "ivs": {"hp": 31, "atk": 0, "def": 31, "spa": 31, "spd": 31, "spe": 31}, "item": "Soul Dew", "teraType": "Steel", "role": "Bulky Setup", "bvs": {"hp": 80, "atk": 90, "def": 80, "spa": 130, "spd": 110, "spe": 110}, "stats": {"hp": 253, "atk": 145, "def": 170, "spa": 248, "spd": 217, "spe": 217}, "types": ["Dragon", "Psychic"]}, "Dachsbun": {"name": "Dachsbun", "species": "Dachsbun", "speciesId": "dachsbun", "gender": "F", "shiny": false, "level": 92, "moves": ["wish", "playrough", "protect", "yawn"], "ability": "Well-Baked Body", "evs": {"hp": 85, "atk": 85, "def": 85, "spa": 85, "spd": 85, "spe": 85}, "ivs": {"hp": 31, "atk": 31, "def": 31, "spa": 31, "spd": 31, "spe": 31}, "item": "Leftovers", "teraType": "Steel", "role": "Bulky Support", "bvs": {"hp": 57, "atk": 80, "def": 115, "spa": 50, "spd": 80, "spe": 95}, "stats": {"hp": 254, "atk": 200, "def": 264, "spa": 144, "spd": 200, "spe": 227}, "types": ["Fairy"]}}]}