{"id": "gen9randombattle-2641559338", "format": "[Gen 9] Random Battle", "players": ["bakavelique", "Rober_jm"], "log": "|j|\u2606bakavelique\n|j|\u2606Rober_jm\n|t:|1782807929\n|gametype|singles\n|player|p1|bakavelique|2|2009\n|player|p2|Rober_jm|1|1905\n|gen|9\n|tier|[Gen 9] Random Battle\n|rated|\n|rule|Species Clause: Limit one of each Pok\u00e9mon\n|rule|HP Percentage Mod: HP is shown in percentages\n|rule|Sleep Clause Mod: Limit one foe put to sleep\n|rule|Illusion Level Mod: Illusion disguises the Pok\u00e9mon's true level\n|\n|t:|1782807929\n|teamsize|p1|6\n|teamsize|p2|6\n|start\n|switch|p1a: Oranguru|Oranguru, L92, F|315/315\n|switch|p2a: Whimsicott|Whimsicott, L84, F|238/238\n|turn|1\n|inactive|Battle timer is ON: inactive players will automatically lose when time's up. (requested by Rober_jm)\n|\n|t:|1782807951\n|switch|p1a: Mudsdale|Mudsdale, L83, M|302/302\n|move|p2a: Whimsicott|Substitute|p2a: Whimsicott\n|-start|p2a: Whimsicott|Substitute\n|-damage|p2a: Whimsicott|179/238\n|\n|-heal|p2a: Whimsicott|193/238|[from] item: Leftovers\n|upkeep\n|turn|2\n|\n|t:|1782807953\n|move|p2a: Whimsicott|Leech Seed|p1a: Mudsdale\n|-start|p1a: Mudsdale|move: Leech Seed\n|move|p1a: Mudsdale|Roar|p2a: Whimsicott\n|drag|p2a: Hydrapple|Hydrapple, L83, M|312/312\n|\n|-damage|p1a: Mudsdale|265/302|[from] Leech Seed|[of] p2a: Hydrapple\n|upkeep\n|turn|3\n|j| lilboymp4\n|\n|t:|1782807965\n|switch|p1a: Oranguru|Oranguru, L92, F|315/315\n|move|p2a: Hydrapple|Dragon Tail|p1a: Oranguru|[miss]\n|-miss|p2a: Hydrapple|p1a: Oranguru\n|\n|upkeep\n|turn|4\n|\n|t:|1782807970\n|switch|p2a: Skuntank|Skuntank, L84, M|310/310\n|move|p1a: Oranguru|Psychic|p2a: Skuntank\n|-immune|p2a: Skuntank\n|\n|upkeep\n|turn|5\n|\n|t:|1782807977\n|switch|p1a: Heatran|Heatran, L79, F|273/273\n|-item|p1a: Heatran|Air Balloon\n|move|p2a: Skuntank|Knock Off|p1a: Heatran\n|-damage|p1a: Heatran|144/273\n|-enditem|p1a: Heatran|Air Balloon\n|-damage|p2a: Skuntank|279/310|[from] item: Life Orb\n|\n|upkeep\n|turn|6\n|\n|t:|1782807989\n|move|p2a: Skuntank|Taunt|p1a: Heatran\n|-start|p1a: Heatran|move: Taunt\n|cant|p1a: Heatran|move: Taunt|Stealth Rock\n|\n|upkeep\n|turn|7\n|\n|t:|1782807993\n|move|p2a: Skuntank|Knock Off|p1a: Heatran\n|-damage|p1a: Heatran|65/273\n|-damage|p2a: Skuntank|248/310|[from] item: Life Orb\n|move|p1a: Heatran|Lava Plume|p2a: Skuntank\n|-crit|p2a: Skuntank\n|-damage|p2a: Skuntank|52/310\n|-status|p2a: Skuntank|brn\n|\n|-damage|p2a: Skuntank|33/310 brn|[from] brn\n|upkeep\n|turn|8\n|\n|t:|1782807999\n|move|p2a: Skuntank|Knock Off|p1a: Heatran\n|-damage|p1a: Heatran|29/273\n|-damage|p2a: Skuntank|2/310 brn|[from] item: Life Orb\n|move|p1a: Heatran|Heavy Slam|p2a: Skuntank\n|-damage|p2a: Skuntank|0 fnt\n|-damage|p1a: Heatran|0 fnt|[from] ability: Aftermath|[of] p2a: Skuntank\n|faint|p2a: Skuntank\n|faint|p1a: Heatran\n|\n|upkeep\n|\n|t:|1782808009\n|switch|p2a: Whimsicott|Whimsicott, L84, F|193/238\n|switch|p1a: Leavanny|Leavanny, L86, M|269/269\n|turn|9\n|\n|t:|1782808014\n|move|p2a: Whimsicott|Substitute|p2a: Whimsicott\n|-start|p2a: Whimsicott|Substitute\n|-damage|p2a: Whimsicott|134/238\n|move|p1a: Leavanny|Sticky Web|p2a: Whimsicott\n|-sidestart|p2: Rober_jm|move: Sticky Web\n|\n|-heal|p2a: Whimsicott|148/238|[from] item: Leftovers\n|upkeep\n|turn|10\n|\n|t:|1782808017\n|switch|p1a: Mudsdale|Mudsdale, L83, M|265/302\n|move|p2a: Whimsicott|Encore||[still]\n|-fail|p2a: Whimsicott\n|\n|-heal|p2a: Whimsicott|162/238|[from] item: Leftovers\n|-heal|p1a: Mudsdale|283/302|[from] item: Leftovers\n|upkeep\n|turn|11\n|\n|t:|1782808020\n|move|p2a: Whimsicott|Leech Seed|p1a: Mudsdale\n|-start|p1a: Mudsdale|move: Leech Seed\n|move|p1a: Mudsdale|Roar|p2a: Whimsicott\n|drag|p2a: Pawmot|Pawmot, L80, F|243/243\n|-activate|p2a: Pawmot|move: Sticky Web\n|-unboost|p2a: Pawmot|spe|1\n|\n|-heal|p1a: Mudsdale|301/302|[from] item: Leftovers\n|-damage|p1a: Mudsdale|264/302|[from] Leech Seed|[of] p2a: Pawmot\n|upkeep\n|turn|12\n|\n|t:|1782808035\n|switch|p2a: Hydrapple|Hydrapple, L83, M|312/312\n|-activate|p2a: Hydrapple|move: Sticky Web\n|-unboost|p2a: Hydrapple|spe|1\n|move|p1a: Mudsdale|Earthquake|p2a: Hydrapple\n|-resisted|p2a: Hydrapple\n|-damage|p2a: Hydrapple|254/312\n|\n|-heal|p1a: Mudsdale|282/302|[from] item: Leftovers\n|-damage|p1a: Mudsdale|245/302|[from] Leech Seed|[of] p2a: Hydrapple\n|-heal|p2a: Hydrapple|291/312|[silent]\n|upkeep\n|turn|13\n|\n|t:|1782808044\n|switch|p1a: Oranguru|Oranguru, L92, F|315/315\n|move|p2a: Hydrapple|Fickle Beam|p1a: Oranguru\n|-damage|p1a: Oranguru|233/315\n|\n|-heal|p1a: Oranguru|252/315|[from] item: Leftovers\n|upkeep\n|turn|14\n|\n|t:|1782808050\n|move|p1a: Oranguru|Psychic|p2a: Hydrapple\n|-damage|p2a: Hydrapple|212/312\n|move|p2a: Hydrapple|Giga Drain|p1a: Oranguru\n|-damage|p1a: Oranguru|179/315\n|-heal|p2a: Hydrapple|249/312|[from] drain|[of] p1a: Oranguru\n|\n|-heal|p1a: Oranguru|198/315|[from] item: Leftovers\n|upkeep\n|turn|15\n|l| lilboymp4\n|\n|t:|1782808055\n|move|p1a: Oranguru|Nasty Plot|p1a: Oranguru\n|-boost|p1a: Oranguru|spa|2\n|move|p2a: Hydrapple|Giga Drain|p1a: Oranguru\n|-damage|p1a: Oranguru|122/315\n|-heal|p2a: Hydrapple|287/312|[from] drain|[of] p1a: Oranguru\n|\n|-heal|p1a: Oranguru|141/315|[from] item: Leftovers\n|upkeep\n|turn|16\n|\n|t:|1782808057\n|move|p1a: Oranguru|Psychic|p2a: Hydrapple\n|-crit|p2a: Hydrapple\n|-damage|p2a: Hydrapple|71/312\n|move|p2a: Hydrapple|Dragon Tail|p1a: Oranguru\n|-damage|p1a: Oranguru|87/315\n|drag|p1a: Mudsdale|Mudsdale, L83, M|245/302\n|\n|-heal|p1a: Mudsdale|263/302|[from] item: Leftovers\n|upkeep\n|turn|17\n|\n|t:|1782808062\n|switch|p1a: Oranguru|Oranguru, L92, F|87/315\n|move|p2a: Hydrapple|Giga Drain|p1a: Oranguru\n|-damage|p1a: Oranguru|15/315\n|-heal|p2a: Hydrapple|107/312|[from] drain|[of] p1a: Oranguru\n|\n|-heal|p1a: Oranguru|34/315|[from] item: Leftovers\n|upkeep\n|turn|18\n|\n|t:|1782808064\n|move|p1a: Oranguru|Psychic|p2a: Hydrapple\n|-damage|p2a: Hydrapple|28/312\n|move|p2a: Hydrapple|Giga Drain|p1a: Oranguru\n|-damage|p1a: Oranguru|0 fnt\n|-heal|p2a: Hydrapple|45/312|[from] drain|[of] p1a: Oranguru\n|faint|p1a: Oranguru\n|\n|upkeep\n|\n|t:|1782808068\n|switch|p1a: Lurantis|Lurantis, L87, F|264/264\n|turn|19\n|\n|t:|1782808075\n|switch|p2a: Whimsicott|Whimsicott, L84, F|162/238\n|-activate|p2a: Whimsicott|move: Sticky Web\n|-unboost|p2a: Whimsicott|spe|1\n|move|p1a: Lurantis|Superpower|p2a: Whimsicott\n|-resisted|p2a: Whimsicott\n|-damage|p2a: Whimsicott|111/238\n|-boost|p1a: Lurantis|atk|1\n|-boost|p1a: Lurantis|def|1\n|\n|-heal|p2a: Whimsicott|125/238|[from] item: Leftovers\n|upkeep\n|turn|20\n|\n|t:|1782808080\n|move|p2a: Whimsicott|Encore|p1a: Lurantis\n|-start|p1a: Lurantis|Encore\n|move|p1a: Lurantis|Superpower|p2a: Whimsicott\n|-resisted|p2a: Whimsicott\n|-damage|p2a: Whimsicott|50/238\n|-boost|p1a: Lurantis|atk|1\n|-boost|p1a: Lurantis|def|1\n|\n|-heal|p2a: Whimsicott|64/238|[from] item: Leftovers\n|upkeep\n|turn|21\n|\n|t:|1782808087\n|switch|p2a: Houndstone|Houndstone, L86, M|264/264\n|-activate|p2a: Houndstone|move: Sticky Web\n|-unboost|p2a: Houndstone|spe|1\n|move|p1a: Lurantis|Superpower|p2a: Houndstone\n|-immune|p2a: Houndstone\n|\n|upkeep\n|turn|22\n|\n|t:|1782808091\n|switch|p1a: Mudsdale|Mudsdale, L83, M|263/302\n|move|p2a: Houndstone|Poltergeist|p1a: Mudsdale\n|-activate|p1a: Mudsdale|move: Poltergeist|Leftovers\n|-damage|p1a: Mudsdale|154/302\n|-ability|p1a: Mudsdale|Stamina|boost\n|-boost|p1a: Mudsdale|def|1\n|\n|-heal|p1a: Mudsdale|172/302|[from] item: Leftovers\n|upkeep\n|turn|23\n|\n|t:|1782808096\n|move|p2a: Houndstone|Poltergeist|p1a: Mudsdale\n|-activate|p1a: Mudsdale|move: Poltergeist|Leftovers\n|-damage|p1a: Mudsdale|93/302\n|-ability|p1a: Mudsdale|Stamina|boost\n|-boost|p1a: Mudsdale|def|1\n|move|p1a: Mudsdale|Earthquake|p2a: Houndstone\n|-damage|p2a: Houndstone|156/264\n|\n|-heal|p1a: Mudsdale|111/302|[from] item: Leftovers\n|upkeep\n|turn|24\n|\n|t:|1782808105\n|switch|p2a: Hydrapple|Hydrapple, L83, M|149/312\n|-activate|p2a: Hydrapple|move: Sticky Web\n|-unboost|p2a: Hydrapple|spe|1\n|move|p1a: Mudsdale|Earthquake|p2a: Hydrapple\n|-resisted|p2a: Hydrapple\n|-damage|p2a: Hydrapple|96/312\n|\n|-heal|p1a: Mudsdale|129/302|[from] item: Leftovers\n|upkeep\n|turn|25\n|\n|t:|1782808109\n|move|p1a: Mudsdale|Heavy Slam|p2a: Hydrapple\n|-damage|p2a: Hydrapple|6/312\n|move|p2a: Hydrapple|Giga Drain|p1a: Mudsdale\n|-supereffective|p1a: Mudsdale\n|-damage|p1a: Mudsdale|0 fnt\n|-heal|p2a: Hydrapple|71/312|[from] drain|[of] p1a: Mudsdale\n|faint|p1a: Mudsdale\n|\n|upkeep\n|\n|t:|1782808113\n|switch|p1a: Lurantis|Lurantis, L87, F|264/264\n|turn|26\n|\n|t:|1782808126\n|move|p1a: Lurantis|Leaf Storm|p2a: Hydrapple|[miss]\n|-miss|p1a: Lurantis|p2a: Hydrapple\n|move|p2a: Hydrapple|Dragon Tail|p1a: Lurantis\n|-damage|p1a: Lurantis|213/264\n|drag|p1a: Spectrier|Spectrier, L75|274/274\n|\n|upkeep\n|turn|27\n|\n|t:|1782808141\n|switch|p2a: Chien-Pao|Chien-Pao, L72|234/234\n|-activate|p2a: Chien-Pao|move: Sticky Web\n|-unboost|p2a: Chien-Pao|spe|1\n|-ability|p2a: Chien-Pao|Sword of Ruin\n|move|p1a: Spectrier|Shadow Ball|p2a: Chien-Pao\n|-resisted|p2a: Chien-Pao\n|-damage|p2a: Chien-Pao|148/234\n|-damage|p1a: Spectrier|247/274|[from] item: Life Orb\n|\n|upkeep\n|turn|28\n|\n|t:|1782808152\n|move|p1a: Spectrier|Draining Kiss|p2a: Chien-Pao\n|-supereffective|p2a: Chien-Pao\n|-damage|p2a: Chien-Pao|0 fnt\n|-heal|p1a: Spectrier|274/274|[from] drain|[of] p2a: Chien-Pao\n|faint|p2a: Chien-Pao\n|-ability|p1a: Spectrier|Grim Neigh|boost\n|-boost|p1a: Spectrier|spa|1\n|-damage|p1a: Spectrier|247/274|[from] item: Life Orb\n|\n|upkeep\n|\n|t:|1782808160\n|switch|p2a: Hydrapple|Hydrapple, L83, M|175/312\n|-activate|p2a: Hydrapple|move: Sticky Web\n|-unboost|p2a: Hydrapple|spe|1\n|turn|29\n|\n|t:|1782808164\n|-terastallize|p2a: Hydrapple|Steel\n|move|p1a: Spectrier|Shadow Ball|p2a: Hydrapple\n|-damage|p2a: Hydrapple|35/312\n|-damage|p1a: Spectrier|220/274|[from] item: Life Orb\n|move|p2a: Hydrapple|Fickle Beam|p1a: Spectrier\n|-damage|p1a: Spectrier|105/274\n|\n|upkeep\n|turn|30\n|\n|t:|1782808172\n|move|p1a: Spectrier|Draining Kiss|p2a: Hydrapple\n|-resisted|p2a: Hydrapple\n|-damage|p2a: Hydrapple|4/312\n|-heal|p1a: Spectrier|128/274|[from] drain|[of] p2a: Hydrapple\n|-damage|p1a: Spectrier|101/274|[from] item: Life Orb\n|move|p2a: Hydrapple|Fickle Beam|p1a: Spectrier|[anim] Fickle Beam All Out\n|-activate|p2a: Hydrapple|move: Fickle Beam\n|-damage|p1a: Spectrier|0 fnt\n|faint|p1a: Spectrier\n|\n|upkeep\n|\n|t:|1782808179\n|switch|p1a: Lurantis|Lurantis, L87, F|213/264\n|turn|31\n|\n|t:|1782808186\n|switch|p2a: Houndstone|Houndstone, L86, M|156/264\n|-activate|p2a: Houndstone|move: Sticky Web\n|-unboost|p2a: Houndstone|spe|1\n|move|p1a: Lurantis|Leaf Storm|p2a: Houndstone\n|-damage|p2a: Houndstone|77/264\n|-boost|p1a: Lurantis|spa|2\n|\n|-heal|p1a: Lurantis|229/264|[from] item: Leftovers\n|upkeep\n|turn|32\n|\n|t:|1782808194\n|move|p2a: Houndstone|Shadow Sneak|p1a: Lurantis\n|-damage|p1a: Lurantis|181/264\n|move|p1a: Lurantis|Leaf Storm|p2a: Houndstone\n|-damage|p2a: Houndstone|0 fnt\n|-boost|p1a: Lurantis|spa|2\n|faint|p2a: Houndstone\n|\n|-heal|p1a: Lurantis|197/264|[from] item: Leftovers\n|upkeep\n|\n|t:|1782808207\n|switch|p2a: Pawmot|Pawmot, L80, F|243/243\n|-activate|p2a: Pawmot|move: Sticky Web\n|-unboost|p2a: Pawmot|spe|1\n|turn|33\n|\n|t:|1782808223\n|move|p2a: Pawmot|Revival Blessing|p2a: Pawmot\n|\n|t:|1782808225\n|-heal|p2: Chien-Pao|117/234|[from] move: Revival Blessing\n|move|p1a: Lurantis|Leaf Storm|p2a: Pawmot\n|-damage|p2a: Pawmot|0 fnt\n|-boost|p1a: Lurantis|spa|2\n|faint|p2a: Pawmot\n|\n|-heal|p1a: Lurantis|213/264|[from] item: Leftovers\n|upkeep\n|\n|t:|1782808227\n|switch|p2a: Chien-Pao|Chien-Pao, L72|117/234\n|-activate|p2a: Chien-Pao|move: Sticky Web\n|-unboost|p2a: Chien-Pao|spe|1\n|-ability|p2a: Chien-Pao|Sword of Ruin\n|turn|34\n|\n|t:|1782808236\n|-terastallize|p1a: Lurantis|Fighting\n|move|p2a: Chien-Pao|Icicle Crash|p1a: Lurantis\n|-damage|p1a: Lurantis|77/264\n|cant|p1a: Lurantis|flinch\n|\n|-heal|p1a: Lurantis|93/264|[from] item: Leftovers\n|upkeep\n|turn|35\n|\n|t:|1782808241\n|move|p2a: Chien-Pao|Icicle Crash|p1a: Lurantis\n|-damage|p1a: Lurantis|0 fnt\n|faint|p1a: Lurantis\n|\n|upkeep\n|\n|t:|1782808243\n|switch|p1a: Leavanny|Leavanny, L86, M|269/269\n|turn|36\n|\n|t:|1782808248\n|switch|p2a: Hydrapple|Hydrapple, L83, M, tera:Steel|108/312\n|-activate|p2a: Hydrapple|move: Sticky Web\n|-unboost|p2a: Hydrapple|spe|1\n|move|p1a: Leavanny|Bullet Seed|p2a: Hydrapple\n|-resisted|p2a: Hydrapple\n|-crit|p2a: Hydrapple\n|-damage|p2a: Hydrapple|91/312\n|-resisted|p2a: Hydrapple\n|-damage|p2a: Hydrapple|78/312\n|-resisted|p2a: Hydrapple\n|-damage|p2a: Hydrapple|66/312\n|-resisted|p2a: Hydrapple\n|-damage|p2a: Hydrapple|53/312\n|-resisted|p2a: Hydrapple\n|-damage|p2a: Hydrapple|41/312\n|-hitcount|p2a: Hydrapple|5\n|\n|upkeep\n|turn|37\n|\n|t:|1782808260\n|switch|p2a: Whimsicott|Whimsicott, L84, F|64/238\n|-activate|p2a: Whimsicott|move: Sticky Web\n|-unboost|p2a: Whimsicott|spe|1\n|move|p1a: Leavanny|Bullet Seed|p2a: Whimsicott\n|-resisted|p2a: Whimsicott\n|-damage|p2a: Whimsicott|48/238\n|-resisted|p2a: Whimsicott\n|-damage|p2a: Whimsicott|33/238\n|-resisted|p2a: Whimsicott\n|-damage|p2a: Whimsicott|16/238\n|-resisted|p2a: Whimsicott\n|-crit|p2a: Whimsicott\n|-damage|p2a: Whimsicott|0 fnt\n|faint|p2a: Whimsicott\n|-hitcount|p2: Whimsicott|4\n|\n|upkeep\n|\n|t:|1782808264\n|switch|p2a: Hydrapple|Hydrapple, L83, M, tera:Steel|145/312\n|-activate|p2a: Hydrapple|move: Sticky Web\n|-unboost|p2a: Hydrapple|spe|1\n|turn|38\n|\n|t:|1782808276\n|move|p1a: Leavanny|Knock Off|p2a: Hydrapple\n|-damage|p2a: Hydrapple|83/312\n|-enditem|p2a: Hydrapple|Assault Vest|[from] move: Knock Off|[of] p1a: Leavanny\n|move|p2a: Hydrapple|Fickle Beam|p1a: Leavanny|[anim] Fickle Beam All Out\n|-activate|p2a: Hydrapple|move: Fickle Beam\n|-damage|p1a: Leavanny|46/269\n|\n|upkeep\n|turn|39\n|\n|t:|1782808283\n|move|p1a: Leavanny|Bullet Seed|p2a: Hydrapple\n|-resisted|p2a: Hydrapple\n|-damage|p2a: Hydrapple|70/312\n|-resisted|p2a: Hydrapple\n|-damage|p2a: Hydrapple|58/312\n|-resisted|p2a: Hydrapple\n|-damage|p2a: Hydrapple|44/312\n|-resisted|p2a: Hydrapple\n|-damage|p2a: Hydrapple|32/312\n|-hitcount|p2a: Hydrapple|4\n|move|p2a: Hydrapple|Fickle Beam|p1a: Leavanny|[anim] Fickle Beam All Out\n|-activate|p2a: Hydrapple|move: Fickle Beam\n|-damage|p1a: Leavanny|0 fnt\n|faint|p1a: Leavanny\n|\n|win|Rober_jm\n", "inputlog": ">version f8ac14003a5f27e1bdc8d8c59608a773c1cb96e5\n>start {\"formatid\":\"gen9randombattle\",\"seed\":\"sodium,b30a644ca5de6bc4f789eb8143924045\",\"rated\":\"Rated battle\"}\n>player p1 {\"name\":\"bakavelique\",\"avatar\":\"2\",\"rating\":2009,\"seed\":\"sodium,34e12b5b48e3319e12325fc5c77023cb\"}\n>player p2 {\"name\":\"Rober_jm\",\"avatar\":\"1\",\"rating\":1905,\"seed\":\"sodium,ddecebe9d9a2d176102486640e6f5f1a\"}\n>p1 switch 5\n>p2 move substitute\n>p1 move roar\n>p2 move leechseed\n>p1 switch 5\n>p2 move dragontail\n>p1 move psychic\n>p2 switch 4\n>p1 switch 2\n>p2 move knockoff\n>p1 move stealthrock\n>p2 move taunt\n>p1 move lavaplume\n>p2 move knockoff\n>p1 move heavyslam\n>p2 move knockoff\n>p1 switch 3\n>p2 switch 3\n>p1 move stickyweb\n>p2 move substitute\n>p1 switch 5\n>p2 move encore\n>p1 move roar\n>p2 move leechseed\n>p1 move earthquake\n>p2 switch 4\n>p1 switch 2\n>p2 move ficklebeam\n>p1 move psychic\n>p2 move gigadrain\n>p1 move nastyplot\n>p2 move gigadrain\n>p1 move psychic\n>p2 move dragontail\n>p1 switch 2\n>p2 move gigadrain\n>p1 move psychic\n>p2 move gigadrain\n>p1 switch 4\n>p1 move superpower\n>p2 switch 6\n>p1 move superpower\n>p2 move encore\n>p1 move superpower\n>p2 switch 5\n>p1 switch 2\n>p2 move poltergeist\n>p1 move earthquake\n>p2 move poltergeist\n>p1 move earthquake\n>p2 switch 6\n>p1 move heavyslam\n>p2 move gigadrain\n>p1 switch 2\n>p1 move leafstorm\n>p2 move dragontail\n>p1 move shadowball\n>p2 switch 2\n>p1 move drainingkiss\n>p2 move throatchop\n>p2 switch 2\n>p1 move shadowball\n>p2 move ficklebeam terastallize\n>p1 move drainingkiss\n>p2 move ficklebeam\n>p1 switch 6\n>p1 move leafstorm\n>p2 switch 6\n>p1 move leafstorm\n>p2 move shadowsneak\n>p2 switch 4\n>p1 move leafstorm\n>p2 move revivalblessing\n>p2 switch 2\n>p2 switch 2\n>p1 move superpower terastallize\n>p2 move iciclecrash\n>p1 move superpower\n>p2 move iciclecrash\n>p1 switch 5\n>p1 move bulletseed\n>p2 switch 6\n>p1 move bulletseed\n>p2 switch 5\n>p2 switch 5\n>p1 move knockoff\n>p2 move ficklebeam\n>p1 move bulletseed\n>p2 move ficklebeam", "uploadtime": 1782807933, "views": 6, "formatid": "gen9randombattle", "rating": null, "private": 0, "password": null, "player_dets": [{"name": "bakavelique", "avatar": "2", "rating": 2009, "seed": "sodium,34e12b5b48e3319e12325fc5c77023cb"}, {"name": "Rober_jm", "avatar": "1", "rating": 1905, "seed": "sodium,ddecebe9d9a2d176102486640e6f5f1a"}], "teams_full": [{"Oranguru": {"name": "Oranguru", "species": "Oranguru", "speciesId": "oranguru", "gender": "F", "shiny": false, "level": 92, "moves": ["focusblast", "psychic", "thunderbolt", "nastyplot"], "ability": "Inner Focus", "evs": {"hp": 85, "atk": 0, "def": 85, "spa": 85, "spd": 85, "spe": 85}, "ivs": {"hp": 31, "atk": 0, "def": 31, "spa": 31, "spd": 31, "spe": 31}, "item": "Leftovers", "teraType": "Fighting", "role": "Bulky Attacker", "bvs": {"hp": 90, "atk": 60, "def": 80, "spa": 90, "spd": 110, "spe": 60}, "stats": {"hp": 315, "atk": 115, "def": 200, "spa": 218, "spd": 255, "spe": 163}, "types": ["Normal", "Psychic"]}, "Heatran": {"name": "Heatran", "species": "Heatran", "speciesId": "heatran", "gender": "F", "shiny": false, "level": 79, "moves": ["lavaplume", "heavyslam", "earthpower", "stealthrock"], "ability": "Flash Fire", "evs": {"hp": 85, "atk": 85, "def": 85, "spa": 85, "spd": 85, "spe": 85}, "ivs": {"hp": 31, "atk": 31, "def": 31, "spa": 31, "spd": 31, "spe": 31}, "item": "Air Balloon", "teraType": "Flying", "role": "Bulky Support", "bvs": {"hp": 91, "atk": 90, "def": 106, "spa": 130, "spd": 106, "spe": 77}, "stats": {"hp": 273, "atk": 188, "def": 213, "spa": 251, "spd": 213, "spe": 167}, "types": ["Fire", "Steel"]}, "Leavanny": {"name": "Leavanny", "species": "Leavanny", "speciesId": "leavanny", "gender": "M", "shiny": false, "level": 86, "moves": ["stickyweb", "tripleaxel", "bulletseed", "knockoff"], "ability": "Chlorophyll", "evs": {"hp": 85, "atk": 85, "def": 85, "spa": 85, "spd": 85, "spe": 85}, "ivs": {"hp": 31, "atk": 31, "def": 31, "spa": 31, "spd": 31, "spe": 31}, "item": "Loaded Dice", "teraType": "Rock", "role": "Fast Attacker", "bvs": {"hp": 75, "atk": 103, "def": 80, "spa": 70, "spd": 80, "spe": 92}, "stats": {"hp": 269, "atk": 226, "def": 187, "spa": 170, "spd": 187, "spe": 207}, "types": ["Bug", "Grass"]}, "Lurantis": {"name": "Lurantis", "species": "Lurantis", "speciesId": "lurantis", "gender": "F", "shiny": false, "level": 87, "moves": ["synthesis", "defog", "superpower", "leafstorm"], "ability": "Contrary", "evs": {"hp": 85, "atk": 85, "def": 85, "spa": 85, "spd": 85, "spe": 85}, "ivs": {"hp": 31, "atk": 31, "def": 31, "spa": 31, "spd": 31, "spe": 31}, "item": "Leftovers", "teraType": "Fighting", "role": "Bulky Attacker", "bvs": {"hp": 70, "atk": 105, "def": 90, "spa": 80, "spd": 90, "spe": 45}, "stats": {"hp": 264, "atk": 232, "def": 206, "spa": 189, "spd": 206, "spe": 128}, "types": ["Grass"]}, "Mudsdale": {"name": "Mudsdale", "species": "Mudsdale", "speciesId": "mudsdale", "gender": "M", "shiny": false, "level": 83, "moves": ["earthquake", "stoneedge", "roar", "heavyslam"], "ability": "Stamina", "evs": {"hp": 85, "atk": 85, "def": 85, "spa": 85, "spd": 85, "spe": 85}, "ivs": {"hp": 31, "atk": 31, "def": 31, "spa": 31, "spd": 31, "spe": 31}, "item": "Leftovers", "teraType": "Steel", "role": "Bulky Attacker", "bvs": {"hp": 100, "atk": 125, "def": 100, "spa": 55, "spd": 85, "spe": 35}, "stats": {"hp": 302, "atk": 255, "def": 214, "spa": 139, "spd": 189, "spe": 106}, "types": ["Ground"]}, "Spectrier": {"name": "Spectrier", "species": "Spectrier", "speciesId": "spectrier", "gender": "N", "shiny": false, "level": 75, "moves": ["nastyplot", "drainingkiss", "shadowball", "darkpulse"], "ability": "Grim Neigh", "evs": {"hp": 85, "atk": 0, "def": 85, "spa": 85, "spd": 85, "spe": 85}, "ivs": {"hp": 31, "atk": 0, "def": 31, "spa": 31, "spd": 31, "spe": 31}, "item": "Life Orb", "teraType": "Dark", "role": "Setup Sweeper", "bvs": {"hp": 100, "atk": 65, "def": 60, "spa": 145, "spd": 80, "spe": 130}, "stats": {"hp": 274, "atk": 102, "def": 134, "spa": 261, "spd": 164, "spe": 239}, "types": ["Ghost"]}}, {"Whimsicott": {"name": "Whimsicott", "species": "Whimsicott", "speciesId": "whimsicott", "gender": "F", "shiny": false, "level": 84, "moves": ["substitute", "encore", "leechseed", "moonblast"], "ability": "Prankster", "evs": {"hp": 85, "atk": 0, "def": 85, "spa": 85, "spd": 85, "spe": 85}, "ivs": {"hp": 31, "atk": 0, "def": 31, "spa": 31, "spd": 31, "spe": 31}, "item": "Leftovers", "teraType": "Steel", "role": "Bulky Support", "bvs": {"hp": 60, "atk": 67, "def": 85, "spa": 77, "spd": 75, "spe": 116}, "stats": {"hp": 238, "atk": 117, "def": 191, "spa": 178, "spd": 174, "spe": 243}, "types": ["Grass", "Fairy"]}, "Chien-Pao": {"name": "Chien-Pao", "species": "Chien-Pao", "speciesId": "chienpao", "gender": "N", "shiny": false, "level": 72, "moves": ["throatchop", "iciclecrash", "iceshard", "sacredsword"], "ability": "Sword of Ruin", "evs": {"hp": 85, "atk": 85, "def": 85, "spa": 85, "spd": 85, "spe": 85}, "ivs": {"hp": 31, "atk": 31, "def": 31, "spa": 31, "spd": 31, "spe": 31}, "item": "Choice Band", "teraType": "Ice", "role": "Wallbreaker", "bvs": {"hp": 80, "atk": 120, "def": 80, "spa": 90, "spd": 65, "spe": 135}, "stats": {"hp": 234, "atk": 215, "def": 157, "spa": 172, "spd": 136, "spe": 236}, "types": ["Dark", "Ice"]}, "Hydrapple": {"name": "Hydrapple", "species": "Hydrapple", "speciesId": "hydrapple", "gender": "M", "shiny": false, "level": 83, "moves": ["gigadrain", "ficklebeam", "dragontail", "earthpower"], "ability": "Regenerator", "evs": {"hp": 85, "atk": 85, "def": 85, "spa": 85, "spd": 85, "spe": 85}, "ivs": {"hp": 31, "atk": 31, "def": 31, "spa": 31, "spd": 31, "spe": 31}, "item": "Assault Vest", "teraType": "Steel", "role": "AV Pivot", "bvs": {"hp": 106, "atk": 80, "def": 110, "spa": 120, "spd": 80, "spe": 44}, "stats": {"hp": 312, "atk": 180, "def": 230, "spa": 247, "spd": 180, "spe": 121}, "types": ["Grass", "Dragon"]}, "Skuntank": {"name": "Skuntank", "species": "Skuntank", "speciesId": "skuntank", "gender": "M", "shiny": false, "level": 84, "moves": ["taunt", "gunkshot", "suckerpunch", "knockoff"], "ability": "Aftermath", "evs": {"hp": 85, "atk": 85, "def": 85, "spa": 85, "spd": 85, "spe": 85}, "ivs": {"hp": 31, "atk": 31, "def": 31, "spa": 31, "spd": 31, "spe": 31}, "item": "Life Orb", "teraType": "Dark", "role": "Fast Support", "bvs": {"hp": 103, "atk": 93, "def": 67, "spa": 71, "spd": 61, "spe": 84}, "stats": {"hp": 310, "atk": 204, "def": 161, "spa": 167, "spd": 151, "spe": 189}, "types": ["Poison", "Dark"]}, "Houndstone": {"name": "Houndstone", "species": "Houndstone", "speciesId": "houndstone", "gender": "M", "shiny": false, "level": 86, "moves": ["shadowsneak", "bodypress", "poltergeist", "playrough"], "ability": "Fluffy", "evs": {"hp": 85, "atk": 85, "def": 85, "spa": 85, "spd": 85, "spe": 85}, "ivs": {"hp": 31, "atk": 31, "def": 31, "spa": 31, "spd": 31, "spe": 31}, "item": "Assault Vest", "teraType": "Fighting", "role": "AV Pivot", "bvs": {"hp": 72, "atk": 101, "def": 100, "spa": 50, "spd": 97, "spe": 68}, "stats": {"hp": 264, "atk": 223, "def": 221, "spa": 135, "spd": 216, "spe": 166}, "types": ["Ghost"]}, "Pawmot": {"name": "Pawmot", "species": "Pawmot", "speciesId": "pawmot", "gender": "F", "shiny": false, "level": 80, "moves": ["doubleshock", "revivalblessing", "icepunch", "closecombat"], "ability": "Iron Fist", "evs": {"hp": 85, "atk": 85, "def": 85, "spa": 85, "spd": 85, "spe": 85}, "ivs": {"hp": 31, "atk": 31, "def": 31, "spa": 31, "spd": 31, "spe": 31}, "item": "Life Orb", "teraType": "Electric", "role": "Wallbreaker", "bvs": {"hp": 70, "atk": 115, "def": 70, "spa": 70, "spd": 60, "spe": 105}, "stats": {"hp": 243, "atk": 230, "def": 158, "spa": 158, "spd": 142, "spe": 214}, "types": ["Electric", "Fighting"]}}]}