{"id": "gen9randombattle-2641248614", "format": "[Gen 9] Random Battle", "players": ["rields121", "trenchwarrior"], "log": "|j|\u2606rields121\n|j|\u2606trenchwarrior\n|t:|1782758840\n|gametype|singles\n|player|p1|rields121|102|2199\n|player|p2|trenchwarrior|byron|2224\n|gen|9\n|tier|[Gen 9] Random Battle\n|rated|\n|rule|Species Clause: Limit one of each Pok\u00e9mon\n|rule|HP Percentage Mod: HP is shown in percentages\n|rule|Sleep Clause Mod: Limit one foe put to sleep\n|rule|Illusion Level Mod: Illusion disguises the Pok\u00e9mon's true level\n|\n|t:|1782758840\n|teamsize|p1|6\n|teamsize|p2|6\n|start\n|switch|p1a: Lokix|Lokix, L82, F|251/251\n|switch|p2a: Eternatus|Eternatus, L69|308/308\n|-ability|p2a: Eternatus|Pressure\n|turn|1\n|inactive|Battle timer is ON: inactive players will automatically lose when time's up. (requested by trenchwarrior)\n|\n|t:|1782758854\n|move|p2a: Eternatus|Meteor Beam||[still]\n|-prepare|p2a: Eternatus|Meteor Beam\n|-boost|p2a: Eternatus|spa|1\n|-enditem|p2a: Eternatus|Power Herb\n|-anim|p2a: Eternatus|Meteor Beam|p1a: Lokix\n|-supereffective|p1a: Lokix\n|-damage|p1a: Lokix|0 fnt\n|faint|p1a: Lokix\n|\n|upkeep\n|\n|t:|1782758862\n|switch|p1a: Clodsire|Clodsire, L81, F|343/343\n|turn|2\n|\n|t:|1782758870\n|switch|p2a: Palossand|Palossand, L89, M|296/296\n|move|p1a: Clodsire|Toxic Spikes|p2a: Palossand\n|-sidestart|p2: trenchwarrior|move: Toxic Spikes\n|\n|upkeep\n|turn|3\n|\n|t:|1782758878\n|switch|p1a: Glaceon|Glaceon, L94, F|275/275\n|move|p2a: Palossand|Earth Power|p1a: Glaceon\n|-damage|p1a: Glaceon|181/275\n|\n|upkeep\n|turn|4\n|\n|t:|1782758887\n|switch|p2a: Eternatus|Eternatus, L69|308/308\n|-sideend|p2: trenchwarrior|move: Toxic Spikes|[of] p2a: Eternatus\n|-ability|p2a: Eternatus|Pressure\n|move|p1a: Glaceon|Freeze-Dry|p2a: Eternatus\n|-supereffective|p2a: Eternatus\n|-damage|p2a: Eternatus|48/308\n|\n|upkeep\n|turn|5\n|\n|t:|1782758898\n|switch|p1a: Clodsire|Clodsire, L81, F|343/343\n|move|p2a: Eternatus|Fire Blast|p1a: Clodsire\n|-damage|p1a: Clodsire|274/343\n|\n|-heal|p1a: Clodsire|295/343|[from] item: Leftovers\n|upkeep\n|turn|6\n|\n|t:|1782758916\n|switch|p2a: Meloetta|Meloetta, L82|298/298\n|move|p1a: Clodsire|Toxic Spikes|p2a: Meloetta\n|-sidestart|p2: trenchwarrior|move: Toxic Spikes\n|\n|-heal|p1a: Clodsire|316/343|[from] item: Leftovers\n|upkeep\n|turn|7\n|\n|t:|1782758924\n|switch|p1a: Sableye|Sableye, L88, M|231/231\n|move|p2a: Meloetta|Relic Song|p1a: Sableye\n|-immune|p1a: Sableye\n|\n|upkeep\n|turn|8\n|\n|t:|1782758946\n|switch|p2a: Eternatus|Eternatus, L69|48/308\n|-sideend|p2: trenchwarrior|move: Toxic Spikes|[of] p2a: Eternatus\n|-ability|p2a: Eternatus|Pressure\n|move|p1a: Sableye|Knock Off|p2a: Eternatus\n|-damage|p2a: Eternatus|0 fnt\n|faint|p2a: Eternatus\n|\n|upkeep\n|inactive|trenchwarrior has 120 seconds left.\n|\n|t:|1782758964\n|switch|p2a: Meganium|Meganium, L90, F|290/290\n|turn|9\n|\n|t:|1782758972\n|switch|p1a: Jumpluff|Jumpluff, L87, F|271/271\n|move|p2a: Meganium|Energy Ball|p1a: Jumpluff\n|-resisted|p1a: Jumpluff\n|-damage|p1a: Jumpluff|247/271\n|\n|upkeep\n|turn|10\n|\n|t:|1782758983\n|switch|p2a: Palossand|Palossand, L89, M|296/296\n|move|p1a: Jumpluff|Substitute|p1a: Jumpluff\n|-start|p1a: Jumpluff|Substitute\n|-damage|p1a: Jumpluff|180/271\n|\n|upkeep\n|turn|11\n|\n|t:|1782758987\n|move|p1a: Jumpluff|Leech Seed|p2a: Palossand\n|-start|p2a: Palossand|move: Leech Seed\n|move|p2a: Palossand|Sludge Bomb|p1a: Jumpluff\n|-supereffective|p1a: Jumpluff\n|-end|p1a: Jumpluff|Substitute\n|\n|-damage|p2a: Palossand|259/296|[from] Leech Seed|[of] p1a: Jumpluff\n|-heal|p1a: Jumpluff|217/271|[silent]\n|upkeep\n|turn|12\n|\n|t:|1782758997\n|switch|p1a: Clodsire|Clodsire, L81, F|316/343\n|switch|p2a: Cloyster|Cloyster, L80, M|211/211\n|\n|-heal|p1a: Clodsire|337/343|[from] item: Leftovers\n|upkeep\n|turn|13\n|\n|t:|1782759003\n|switch|p1a: Sableye|Sableye, L88, M|231/231\n|move|p2a: Cloyster|Shell Smash|p2a: Cloyster\n|-unboost|p2a: Cloyster|def|1\n|-unboost|p2a: Cloyster|spd|1\n|-boost|p2a: Cloyster|atk|2\n|-boost|p2a: Cloyster|spa|2\n|-boost|p2a: Cloyster|spe|2\n|-enditem|p2a: Cloyster|White Herb\n|-clearnegativeboost|p2a: Cloyster|[silent]\n|\n|upkeep\n|turn|14\n|\n|t:|1782759012\n|move|p1a: Sableye|Encore|p2a: Cloyster\n|-start|p2a: Cloyster|Encore\n|move|p2a: Cloyster|Shell Smash|p2a: Cloyster\n|-unboost|p2a: Cloyster|def|1\n|-unboost|p2a: Cloyster|spd|1\n|-boost|p2a: Cloyster|atk|2\n|-boost|p2a: Cloyster|spa|2\n|-boost|p2a: Cloyster|spe|2\n|\n|upkeep\n|turn|15\n|\n|t:|1782759019\n|switch|p2a: Meganium|Meganium, L90, F|290/290\n|move|p1a: Sableye|Will-O-Wisp|p2a: Meganium\n|-status|p2a: Meganium|brn\n|\n|-damage|p2a: Meganium|272/290 brn|[from] brn\n|upkeep\n|turn|16\n|\n|t:|1782759024\n|switch|p2a: Cloyster|Cloyster, L80, M|211/211\n|switch|p1a: Jumpluff|Jumpluff, L87, F|217/271\n|\n|upkeep\n|turn|17\n|\n|t:|1782759029\n|switch|p1a: Sableye|Sableye, L88, M|231/231\n|move|p2a: Cloyster|Icicle Spear|p1a: Sableye\n|-damage|p1a: Sableye|204/231\n|-damage|p1a: Sableye|179/231\n|-damage|p1a: Sableye|154/231\n|-damage|p1a: Sableye|129/231\n|-damage|p1a: Sableye|101/231\n|-hitcount|p1a: Sableye|5\n|\n|-heal|p1a: Sableye|115/231|[from] item: Leftovers\n|upkeep\n|turn|18\n|\n|t:|1782759049\n|switch|p2a: Palossand|Palossand, L89, M|259/296\n|move|p1a: Sableye|Will-O-Wisp|p2a: Palossand\n|-status|p2a: Palossand|brn\n|\n|-heal|p1a: Sableye|129/231|[from] item: Leftovers\n|-heal|p2a: Palossand|277/296 brn|[from] item: Leftovers\n|-damage|p2a: Palossand|259/296 brn|[from] brn\n|upkeep\n|turn|19\n|\n|t:|1782759059\n|switch|p1a: Clodsire|Clodsire, L81, F|337/343\n|move|p2a: Palossand|Shadow Ball|p1a: Clodsire\n|-damage|p1a: Clodsire|250/343\n|-unboost|p1a: Clodsire|spd|1\n|\n|-heal|p2a: Palossand|277/296 brn|[from] item: Leftovers\n|-heal|p1a: Clodsire|271/343|[from] item: Leftovers\n|-damage|p2a: Palossand|259/296 brn|[from] brn\n|upkeep\n|turn|20\n|\n|t:|1782759070\n|move|p2a: Palossand|Shadow Ball|p1a: Clodsire\n|-damage|p1a: Clodsire|130/343\n|move|p1a: Clodsire|Toxic Spikes|p2a: Palossand\n|-sidestart|p2: trenchwarrior|move: Toxic Spikes\n|\n|-heal|p2a: Palossand|277/296 brn|[from] item: Leftovers\n|-heal|p1a: Clodsire|151/343|[from] item: Leftovers\n|-damage|p2a: Palossand|259/296 brn|[from] brn\n|upkeep\n|turn|21\n|\n|t:|1782759081\n|switch|p1a: Glaceon|Glaceon, L94, F|181/275\n|move|p2a: Palossand|Shadow Ball|p1a: Glaceon\n|-damage|p1a: Glaceon|97/275\n|\n|-heal|p2a: Palossand|277/296 brn|[from] item: Leftovers\n|-damage|p2a: Palossand|259/296 brn|[from] brn\n|upkeep\n|turn|22\n|\n|t:|1782759085\n|-terastallize|p2a: Palossand|Poison\n|move|p1a: Glaceon|Wish|p1a: Glaceon\n|move|p2a: Palossand|Sludge Bomb|p1a: Glaceon\n|-damage|p1a: Glaceon|3/275\n|\n|-heal|p2a: Palossand|277/296 brn|[from] item: Leftovers\n|-damage|p2a: Palossand|259/296 brn|[from] brn\n|upkeep\n|turn|23\n|\n|t:|1782759093\n|move|p1a: Glaceon|Protect|p1a: Glaceon\n|-singleturn|p1a: Glaceon|Protect\n|move|p2a: Palossand|Sludge Bomb|p1a: Glaceon\n|-activate|p1a: Glaceon|move: Protect\n|\n|-heal|p1a: Glaceon|140/275|[from] move: Wish|[wisher] Glaceon\n|-heal|p2a: Palossand|277/296 brn|[from] item: Leftovers\n|-damage|p2a: Palossand|259/296 brn|[from] brn\n|upkeep\n|turn|24\n|\n|t:|1782759112\n|move|p1a: Glaceon|Wish|p1a: Glaceon\n|move|p2a: Palossand|Sludge Bomb|p1a: Glaceon\n|-damage|p1a: Glaceon|56/275\n|-status|p1a: Glaceon|psn\n|\n|-heal|p2a: Palossand|277/296 brn|[from] item: Leftovers\n|-damage|p1a: Glaceon|22/275 psn|[from] psn\n|-damage|p2a: Palossand|259/296 brn|[from] brn\n|upkeep\n|turn|25\n|\n|t:|1782759123\n|switch|p1a: Clodsire|Clodsire, L81, F|151/343\n|move|p2a: Palossand|Earth Power|p1a: Clodsire\n|-supereffective|p1a: Clodsire\n|-damage|p1a: Clodsire|0 fnt\n|faint|p1a: Clodsire\n|\n|-heal|p2a: Palossand|277/296 brn|[from] item: Leftovers\n|-damage|p2a: Palossand|259/296 brn|[from] brn\n|upkeep\n|\n|t:|1782759137\n|switch|p1a: Slaking|Slaking, L84, M|389/389\n|turn|26\n|\n|t:|1782759144\n|switch|p2a: Meganium|Meganium, L90, F|272/290 brn\n|move|p1a: Slaking|Double-Edge|p2a: Meganium\n|-damage|p2a: Meganium|28/290 brn\n|-damage|p1a: Slaking|308/389|[from] Recoil\n|\n|-heal|p2a: Meganium|46/290 brn|[from] item: Leftovers\n|-damage|p2a: Meganium|28/290 brn|[from] brn\n|upkeep\n|turn|27\n|\n|t:|1782759153\n|switch|p1a: Jumpluff|Jumpluff, L87, F|217/271\n|move|p2a: Meganium|Knock Off|p1a: Jumpluff\n|-damage|p1a: Jumpluff|192/271\n|\n|-heal|p2a: Meganium|46/290 brn|[from] item: Leftovers\n|-damage|p2a: Meganium|28/290 brn|[from] brn\n|upkeep\n|turn|28\n|\n|t:|1782759160\n|move|p1a: Jumpluff|Substitute|p1a: Jumpluff\n|-start|p1a: Jumpluff|Substitute\n|-damage|p1a: Jumpluff|125/271\n|move|p2a: Meganium|Encore|p1a: Jumpluff\n|-start|p1a: Jumpluff|Encore\n|\n|-heal|p2a: Meganium|46/290 brn|[from] item: Leftovers\n|-damage|p2a: Meganium|28/290 brn|[from] brn\n|upkeep\n|turn|29\n|\n|t:|1782759178\n|switch|p1a: Glaceon|Glaceon, L94, F|22/275 psn\n|switch|p2a: Palossand|Palossand, L89, M, tera:Poison|259/296 brn\n|-sideend|p2: trenchwarrior|move: Toxic Spikes|[of] p2a: Palossand\n|\n|-heal|p2a: Palossand|277/296 brn|[from] item: Leftovers\n|-damage|p1a: Glaceon|0 fnt|[from] psn\n|faint|p1a: Glaceon\n|-damage|p2a: Palossand|259/296 brn|[from] brn\n|upkeep\n|\n|t:|1782759185\n|switch|p1a: Slaking|Slaking, L84, M|308/389\n|turn|30\n|\n|t:|1782759195\n|switch|p2a: Meganium|Meganium, L90, F|28/290 brn\n|move|p1a: Slaking|Earthquake|p2a: Meganium\n|-resisted|p2a: Meganium\n|-damage|p2a: Meganium|0 fnt\n|faint|p2a: Meganium\n|\n|upkeep\n|\n|t:|1782759212\n|switch|p2a: Cloyster|Cloyster, L80, M|211/211\n|turn|31\n|\n|t:|1782759218\n|switch|p1a: Sableye|Sableye, L88, M|129/231\n|move|p2a: Cloyster|Shell Smash|p2a: Cloyster\n|-unboost|p2a: Cloyster|def|1\n|-unboost|p2a: Cloyster|spd|1\n|-boost|p2a: Cloyster|atk|2\n|-boost|p2a: Cloyster|spa|2\n|-boost|p2a: Cloyster|spe|2\n|\n|-heal|p1a: Sableye|143/231|[from] item: Leftovers\n|upkeep\n|turn|32\n|\n|t:|1782759233\n|switch|p2a: Palossand|Palossand, L89, M, tera:Poison|259/296 brn\n|move|p1a: Sableye|Encore||[still]\n|-fail|p1a: Sableye\n|\n|-heal|p1a: Sableye|157/231|[from] item: Leftovers\n|-heal|p2a: Palossand|277/296 brn|[from] item: Leftovers\n|-damage|p2a: Palossand|259/296 brn|[from] brn\n|upkeep\n|turn|33\n|\n|t:|1782759247\n|switch|p1a: Slaking|Slaking, L84, M|308/389\n|move|p2a: Palossand|Sludge Bomb|p1a: Slaking\n|-damage|p1a: Slaking|170/389\n|\n|-heal|p2a: Palossand|277/296 brn|[from] item: Leftovers\n|-damage|p2a: Palossand|259/296 brn|[from] brn\n|upkeep\n|turn|34\n|\n|t:|1782759266\n|switch|p2a: Meloetta|Meloetta, L82|298/298\n|move|p1a: Slaking|Double-Edge|p2a: Meloetta\n|-damage|p2a: Meloetta|0 fnt\n|faint|p2a: Meloetta\n|-damage|p1a: Slaking|72/389|[from] Recoil\n|\n|upkeep\n|\n|t:|1782759281\n|switch|p2a: Palossand|Palossand, L89, M, tera:Poison|259/296 brn\n|turn|35\n|\n|t:|1782759297\n|switch|p1a: Jumpluff|Jumpluff, L87, F|125/271\n|move|p2a: Palossand|Sludge Bomb|p1a: Jumpluff\n|-supereffective|p1a: Jumpluff\n|-damage|p1a: Jumpluff|0 fnt\n|faint|p1a: Jumpluff\n|\n|-heal|p2a: Palossand|277/296 brn|[from] item: Leftovers\n|-damage|p2a: Palossand|259/296 brn|[from] brn\n|upkeep\n|\n|t:|1782759300\n|switch|p1a: Sableye|Sableye, L88, M|157/231\n|turn|36\n|\n|t:|1782759319\n|move|p1a: Sableye|Knock Off|p2a: Palossand\n|-damage|p2a: Palossand|183/296 brn\n|-enditem|p2a: Palossand|Leftovers|[from] move: Knock Off|[of] p1a: Sableye\n|move|p2a: Palossand|Sludge Bomb|p1a: Sableye\n|-resisted|p1a: Sableye\n|-damage|p1a: Sableye|94/231\n|\n|-heal|p1a: Sableye|108/231|[from] item: Leftovers\n|-damage|p2a: Palossand|165/296 brn|[from] brn\n|upkeep\n|turn|37\n|\n|t:|1782759335\n|-terastallize|p1a: Sableye|Poison\n|move|p1a: Sableye|Recover|p1a: Sableye\n|-heal|p1a: Sableye|224/231\n|move|p2a: Palossand|Sludge Bomb|p1a: Sableye\n|-resisted|p1a: Sableye\n|-damage|p1a: Sableye|155/231\n|\n|-heal|p1a: Sableye|169/231|[from] item: Leftovers\n|-damage|p2a: Palossand|147/296 brn|[from] brn\n|upkeep\n|turn|38\n|\n|t:|1782759343\n|move|p1a: Sableye|Encore|p2a: Palossand\n|-start|p2a: Palossand|Encore\n|move|p2a: Palossand|Sludge Bomb|p1a: Sableye\n|-resisted|p1a: Sableye\n|-damage|p1a: Sableye|100/231\n|\n|-heal|p1a: Sableye|114/231|[from] item: Leftovers\n|-damage|p2a: Palossand|129/296 brn|[from] brn\n|upkeep\n|turn|39\n|\n|t:|1782759348\n|switch|p2a: Zacian|Zacian, L69|241/241\n|-ability|p2a: Zacian|Intrepid Sword|boost\n|-boost|p2a: Zacian|atk|1\n|move|p1a: Sableye|Recover|p1a: Sableye\n|-heal|p1a: Sableye|230/231\n|\n|-heal|p1a: Sableye|231/231|[from] item: Leftovers\n|upkeep\n|turn|40\n|\n|t:|1782759355\n|switch|p2a: Palossand|Palossand, L89, M, tera:Poison|129/296 brn\n|move|p1a: Sableye|Will-O-Wisp|p2a: Palossand\n|-fail|p2a: Palossand|brn\n|\n|-damage|p2a: Palossand|111/296 brn|[from] brn\n|upkeep\n|turn|41\n|\n|t:|1782759358\n|switch|p1a: Slaking|Slaking, L84, M|72/389\n|move|p2a: Palossand|Shore Up|p2a: Palossand\n|-heal|p2a: Palossand|259/296 brn\n|\n|-damage|p2a: Palossand|241/296 brn|[from] brn\n|upkeep\n|turn|42\n|\n|t:|1782759361\n|switch|p2a: Zacian|Zacian, L69|241/241\n|move|p1a: Slaking|Earthquake|p2a: Zacian\n|-damage|p2a: Zacian|88/241\n|\n|upkeep\n|turn|43\n|\n|t:|1782759373\n|switch|p1a: Sableye|Sableye, L88, M, tera:Poison|231/231\n|move|p2a: Zacian|Crunch|p1a: Sableye\n|-damage|p1a: Sableye|161/231\n|-damage|p2a: Zacian|64/241|[from] item: Life Orb\n|\n|-heal|p1a: Sableye|175/231|[from] item: Leftovers\n|upkeep\n|turn|44\n|\n|t:|1782759377\n|move|p1a: Sableye|Will-O-Wisp|p2a: Zacian\n|-status|p2a: Zacian|brn\n|move|p2a: Zacian|Crunch|p1a: Sableye\n|-damage|p1a: Sableye|141/231\n|-damage|p2a: Zacian|40/241 brn|[from] item: Life Orb\n|\n|-heal|p1a: Sableye|155/231|[from] item: Leftovers\n|-damage|p2a: Zacian|25/241 brn|[from] brn\n|upkeep\n|turn|45\n|\n|t:|1782759388\n|move|p1a: Sableye|Recover|p1a: Sableye\n|-heal|p1a: Sableye|231/231\n|move|p2a: Zacian|Crunch|p1a: Sableye\n|-damage|p1a: Sableye|196/231\n|-damage|p2a: Zacian|1/241 brn|[from] item: Life Orb\n|\n|-heal|p1a: Sableye|210/231|[from] item: Leftovers\n|-damage|p2a: Zacian|0 fnt|[from] brn\n|faint|p2a: Zacian\n|upkeep\n|\n|t:|1782759394\n|switch|p2a: Palossand|Palossand, L89, M, tera:Poison|241/296 brn\n|turn|46\n|inactive|rields121 has 120 seconds left.\n|\n|t:|1782759429\n|move|p1a: Sableye|Knock Off|p2a: Palossand\n|-damage|p2a: Palossand|193/296 brn\n|move|p2a: Palossand|Earth Power|p1a: Sableye\n|-supereffective|p1a: Sableye\n|-damage|p1a: Sableye|0 fnt\n|faint|p1a: Sableye\n|\n|-damage|p2a: Palossand|175/296 brn|[from] brn\n|upkeep\n|\n|t:|1782759431\n|switch|p1a: Slaking|Slaking, L84, M|72/389\n|turn|47\n|-message|rields121 forfeited.\n|\n|win|trenchwarrior\n|raw|rields121's rating: 2199 &rarr; <strong>2180</strong><br />(-19 for losing)\n|raw|trenchwarrior's rating: 2224 &rarr; <strong>2243</strong><br />(+19 for winning)\n", "inputlog": ">version f8ac14003a5f27e1bdc8d8c59608a773c1cb96e5\n>start {\"formatid\":\"gen9randombattle\",\"seed\":\"sodium,6262bd725a415139da7a990b9721cdca\",\"rated\":\"Rated battle\"}\n>player p1 {\"name\":\"rields121\",\"avatar\":\"102\",\"rating\":2199,\"seed\":\"sodium,328ce9059039bd09b85fddb2f7968bc1\"}\n>player p2 {\"name\":\"trenchwarrior\",\"avatar\":\"byron\",\"rating\":2224,\"seed\":\"sodium,91c7b0d34e72a6c2dfcb3649c4c62a27\"}\n>p1 move leechlife\n>p2 move meteorbeam\n>p1 switch 5\n>p1 move toxicspikes\n>p2 switch 2\n>p1 switch 3\n>p2 move earthpower\n>p1 move freezedry\n>p2 switch 2\n>p1 switch 3\n>p2 move fireblast\n>p1 move toxicspikes\n>p2 switch 6\n>p1 switch 4\n>p2 move relicsong\n>p1 move knockoff\n>p2 switch 6\n>p2 switch 5\n>p1 switch 2\n>p2 move energyball\n>p1 move substitute\n>p2 switch 2\n>p1 move leechseed\n>p2 move sludgebomb\n>p1 switch 4\n>p2 switch 3\n>p1 switch 2\n>p2 move shellsmash\n>p1 move encore\n>p2 move iciclespear\n>p1 move willowisp\n>p2 switch 2\n>p1 switch 4\n>p2 switch 2\n>p1 switch 4\n>p2 move iciclespear\n>p1 move willowisp\n>p2 switch 3\n>p1 switch 2\n>p2 move shadowball\n>p1 move toxicspikes\n>p2 move shadowball\n>p1 switch 3\n>p2 move shadowball\n>p1 move wish\n>p2 move sludgebomb terastallize\n>p1 move protect\n>p2 move sludgebomb\n>p1 move wish\n>p2 move sludgebomb\n>p1 switch 3\n>p2 move earthpower\n>p1 switch 6\n>p1 move doubleedge\n>p2 switch 2\n>p1 switch 4\n>p2 move knockoff\n>p1 move substitute\n>p2 move encore\n>p1 switch 3\n>p2 switch 2\n>p1 switch 4\n>p1 move earthquake\n>p2 switch 2\n>p2 switch 3\n>p1 switch 2\n>p2 move shellsmash\n>p1 move encore\n>p2 switch 2\n>p1 switch 2\n>p2 move sludgebomb\n>p1 move doubleedge\n>p2 switch 6\n>p2 switch 6\n>p1 switch 3\n>p2 move sludgebomb\n>p1 switch 2\n>p1 move knockoff\n>p2 move sludgebomb\n>p1 move recover terastallize\n>p2 move sludgebomb\n>p1 move encore\n>p2 move earthpower\n>p1 move recover\n>p2 switch 4\n>p1 move willowisp\n>p2 switch 4\n>p1 switch 3\n>p2 move shoreup\n>p1 move earthquake\n>p2 switch 4\n>p1 switch 3\n>p2 move crunch\n>p1 move willowisp\n>p2 move crunch\n>p1 move recover\n>p2 move crunch\n>p2 switch 4\n>p1 move knockoff\n>p2 move earthpower\n>p1 switch 3\n>forcelose p1", "uploadtime": 1782759434, "views": 6, "formatid": "gen9randombattle", "rating": 2180, "private": 0, "password": null, "player_dets": [{"name": "rields121", "avatar": "102", "rating": 2199, "seed": "sodium,328ce9059039bd09b85fddb2f7968bc1"}, {"name": "trenchwarrior", "avatar": "byron", "rating": 2224, "seed": "sodium,91c7b0d34e72a6c2dfcb3649c4c62a27"}], "teams_full": [{"Lokix": {"name": "Lokix", "species": "Lokix", "speciesId": "lokix", "gender": "F", "shiny": false, "level": 82, "moves": ["leechlife", "knockoff", "suckerpunch", "swordsdance"], "ability": "Tinted Lens", "evs": {"hp": 85, "atk": 85, "def": 85, "spa": 85, "spd": 85, "spe": 85}, "ivs": {"hp": 31, "atk": 31, "def": 31, "spa": 31, "spd": 31, "spe": 31}, "item": "Life Orb", "teraType": "Dark", "role": "Setup Sweeper", "bvs": {"hp": 71, "atk": 102, "def": 78, "spa": 52, "spd": 55, "spe": 92}, "stats": {"hp": 251, "atk": 214, "def": 175, "spa": 132, "spd": 137, "spe": 198}, "types": ["Bug", "Dark"]}, "Jumpluff": {"name": "Jumpluff", "species": "Jumpluff", "speciesId": "jumpluff", "gender": "F", "shiny": false, "level": 87, "moves": ["substitute", "leechseed", "strengthsap", "acrobatics"], "ability": "Infiltrator", "evs": {"hp": 81, "atk": 85, "def": 85, "spa": 85, "spd": 85, "spe": 85}, "ivs": {"hp": 31, "atk": 31, "def": 31, "spa": 31, "spd": 31, "spe": 31}, "item": "", "teraType": "Steel", "role": "Bulky Support", "bvs": {"hp": 75, "atk": 55, "def": 70, "spa": 55, "spd": 95, "spe": 110}, "stats": {"hp": 271, "atk": 145, "def": 172, "spa": 145, "spd": 215, "spe": 241}, "types": ["Grass", "Flying"]}, "Glaceon": {"name": "Glaceon", "species": "Glaceon", "speciesId": "glaceon", "gender": "F", "shiny": false, "level": 94, "moves": ["freezedry", "wish", "protect", "mudshot"], "ability": "Ice Body", "evs": {"hp": 85, "atk": 0, "def": 85, "spa": 85, "spd": 85, "spe": 85}, "ivs": {"hp": 31, "atk": 0, "def": 31, "spa": 31, "spd": 31, "spe": 31}, "item": "Heavy-Duty Boots", "teraType": "Ground", "role": "Bulky Attacker", "bvs": {"hp": 65, "atk": 60, "def": 110, "spa": 130, "spd": 95, "spe": 65}, "stats": {"hp": 275, "atk": 117, "def": 260, "spa": 298, "spd": 232, "spe": 176}, "types": ["Ice"]}, "Sableye": {"name": "Sableye", "species": "Sableye", "speciesId": "sableye", "gender": "M", "shiny": false, "level": 88, "moves": ["recover", "knockoff", "encore", "willowisp"], "ability": "Prankster", "evs": {"hp": 85, "atk": 85, "def": 85, "spa": 85, "spd": 85, "spe": 85}, "ivs": {"hp": 31, "atk": 31, "def": 31, "spa": 31, "spd": 31, "spe": 31}, "item": "Leftovers", "teraType": "Poison", "role": "Bulky Support", "bvs": {"hp": 50, "atk": 75, "def": 75, "spa": 65, "spd": 65, "spe": 50}, "stats": {"hp": 231, "atk": 182, "def": 182, "spa": 165, "spd": 165, "spe": 138}, "types": ["Dark", "Ghost"]}, "Clodsire": {"name": "Clodsire", "species": "Clodsire", "speciesId": "clodsire", "gender": "F", "shiny": false, "level": 81, "moves": ["poisonjab", "toxicspikes", "recover", "earthquake"], "ability": "Unaware", "evs": {"hp": 85, "atk": 85, "def": 85, "spa": 85, "spd": 85, "spe": 85}, "ivs": {"hp": 31, "atk": 31, "def": 31, "spa": 31, "spd": 31, "spe": 31}, "item": "Leftovers", "teraType": "Flying", "role": "Bulky Attacker", "bvs": {"hp": 130, "atk": 75, "def": 60, "spa": 45, "spd": 100, "spe": 20}, "stats": {"hp": 343, "atk": 168, "def": 144, "spa": 120, "spd": 209, "spe": 79}, "types": ["Poison", "Ground"]}, "Slaking": {"name": "Slaking", "species": "Slaking", "speciesId": "slaking", "gender": "M", "shiny": false, "level": 84, "moves": ["knockoff", "gigaimpact", "doubleedge", "earthquake"], "ability": "Truant", "evs": {"hp": 85, "atk": 85, "def": 85, "spa": 85, "spd": 85, "spe": 85}, "ivs": {"hp": 31, "atk": 31, "def": 31, "spa": 31, "spd": 31, "spe": 31}, "item": "Choice Band", "teraType": "Normal", "role": "Fast Attacker", "bvs": {"hp": 150, "atk": 160, "def": 100, "spa": 95, "spd": 65, "spe": 100}, "stats": {"hp": 389, "atk": 317, "def": 216, "spa": 208, "spd": 157, "spe": 216}, "types": ["Normal"]}}, {"Eternatus": {"name": "Eternatus", "species": "Eternatus", "speciesId": "eternatus", "gender": "N", "shiny": false, "level": 69, "moves": ["sludgebomb", "fireblast", "dynamaxcannon", "meteorbeam"], "ability": "Pressure", "evs": {"hp": 85, "atk": 0, "def": 85, "spa": 85, "spd": 85, "spe": 85}, "ivs": {"hp": 31, "atk": 0, "def": 31, "spa": 31, "spd": 31, "spe": 31}, "item": "Power Herb", "teraType": "Fire", "role": "Setup Sweeper", "bvs": {"hp": 140, "atk": 85, "def": 95, "spa": 145, "spd": 95, "spe": 130}, "stats": {"hp": 308, "atk": 122, "def": 171, "spa": 240, "spd": 171, "spe": 220}, "types": ["Poison", "Dragon"]}, "Palossand": {"name": "Palossand", "species": "Palossand", "speciesId": "palossand", "gender": "M", "shiny": false, "level": 89, "moves": ["shoreup", "sludgebomb", "earthpower", "shadowball"], "ability": "Water Compaction", "evs": {"hp": 85, "atk": 0, "def": 85, "spa": 85, "spd": 85, "spe": 85}, "ivs": {"hp": 31, "atk": 0, "def": 31, "spa": 31, "spd": 31, "spe": 31}, "item": "Leftovers", "teraType": "Poison", "role": "Bulky Support", "bvs": {"hp": 85, "atk": 75, "def": 110, "spa": 100, "spd": 75, "spe": 35}, "stats": {"hp": 296, "atk": 138, "def": 247, "spa": 229, "spd": 184, "spe": 113}, "types": ["Ghost", "Ground"]}, "Cloyster": {"name": "Cloyster", "species": "Cloyster", "speciesId": "cloyster", "gender": "M", "shiny": false, "level": 80, "moves": ["shellsmash", "drillrun", "rockblast", "iciclespear"], "ability": "Skill Link", "evs": {"hp": 85, "atk": 85, "def": 85, "spa": 85, "spd": 85, "spe": 85}, "ivs": {"hp": 31, "atk": 31, "def": 31, "spa": 31, "spd": 31, "spe": 31}, "item": "White Herb", "teraType": "Ground", "role": "Fast Attacker", "bvs": {"hp": 50, "atk": 95, "def": 180, "spa": 85, "spd": 45, "spe": 70}, "stats": {"hp": 211, "atk": 198, "def": 334, "spa": 182, "spd": 118, "spe": 158}, "types": ["Water", "Ice"]}, "Zacian": {"name": "Zacian", "species": "Zacian", "speciesId": "zacian", "gender": "N", "shiny": false, "level": 69, "moves": ["crunch", "swordsdance", "playrough", "closecombat"], "ability": "Intrepid Sword", "evs": {"hp": 85, "atk": 85, "def": 85, "spa": 85, "spd": 85, "spe": 85}, "ivs": {"hp": 31, "atk": 31, "def": 31, "spa": 31, "spd": 31, "spe": 31}, "item": "Life Orb", "teraType": "Fighting", "role": "Fast Attacker", "bvs": {"hp": 92, "atk": 120, "def": 115, "spa": 80, "spd": 115, "spe": 138}, "stats": {"hp": 241, "atk": 206, "def": 199, "spa": 151, "spd": 199, "spe": 231}, "types": ["Fairy"]}, "Meganium": {"name": "Meganium", "species": "Meganium", "speciesId": "meganium", "gender": "F", "shiny": false, "level": 90, "moves": ["encore", "knockoff", "energyball", "synthesis"], "ability": "Overgrow", "evs": {"hp": 85, "atk": 85, "def": 85, "spa": 85, "spd": 85, "spe": 85}, "ivs": {"hp": 31, "atk": 31, "def": 31, "spa": 31, "spd": 31, "spe": 31}, "item": "Leftovers", "teraType": "Steel", "role": "Bulky Attacker", "bvs": {"hp": 80, "atk": 82, "def": 100, "spa": 83, "spd": 100, "spe": 80}, "stats": {"hp": 290, "atk": 199, "def": 231, "spa": 201, "spd": 231, "spe": 195}, "types": ["Grass"]}, "Meloetta": {"name": "Meloetta", "species": "Meloetta", "speciesId": "meloetta", "gender": "N", "shiny": false, "level": 82, "moves": ["knockoff", "tripleaxel", "relicsong", "closecombat"], "ability": "Serene Grace", "evs": {"hp": 85, "atk": 85, "def": 85, "spa": 85, "spd": 85, "spe": 85}, "ivs": {"hp": 31, "atk": 31, "def": 31, "spa": 31, "spd": 31, "spe": 31}, "item": "Life Orb", "teraType": "Dark", "role": "Wallbreaker", "bvs": {"hp": 100, "atk": 77, "def": 77, "spa": 128, "spd": 128, "spe": 90}, "stats": {"hp": 298, "atk": 173, "def": 173, "spa": 257, "spd": 257, "spe": 195}, "types": ["Normal", "Psychic"]}}]}