{"id": "gen9randombattle-2641593527", "format": "[Gen 9] Random Battle", "players": ["lotanol", "angsi"], "log": "|j|\u2606lotanol\n|j|\u2606angsi\n|t:|1782815002\n|gametype|singles\n|player|p1|lotanol|alder|1976\n|player|p2|angsi|170|1999\n|gen|9\n|tier|[Gen 9] Random Battle\n|rated|\n|rule|Species Clause: Limit one of each Pok\u00e9mon\n|rule|HP Percentage Mod: HP is shown in percentages\n|rule|Sleep Clause Mod: Limit one foe put to sleep\n|rule|Illusion Level Mod: Illusion disguises the Pok\u00e9mon's true level\n|\n|t:|1782815002\n|teamsize|p1|6\n|teamsize|p2|6\n|start\n|switch|p1a: Wo-Chien|Wo-Chien, L83|277/277\n|switch|p2a: Cetitan|Cetitan, L82, M|412/412\n|-ability|p1a: Wo-Chien|Tablets of Ruin\n|turn|1\n|\n|t:|1782815011\n|switch|p2a: Shaymin|Shaymin, L82|298/298\n|switch|p1a: Magnezone|Magnezone, L85|258/258\n|\n|upkeep\n|turn|2\n|inactive|Battle timer is ON: inactive players will automatically lose when time's up. (requested by angsi)\n|\n|t:|1782815022\n|switch|p1a: Pecharunt|Pecharunt, L77|262/262\n|move|p2a: Shaymin|Substitute|p2a: Shaymin\n|-start|p2a: Shaymin|Substitute\n|-damage|p2a: Shaymin|224/298\n|\n|-heal|p2a: Shaymin|242/298|[from] item: Leftovers\n|upkeep\n|turn|3\n|\n|t:|1782815035\n|move|p2a: Shaymin|Leech Seed|p1a: Pecharunt\n|-start|p1a: Pecharunt|move: Leech Seed\n|move|p1a: Pecharunt|Malignant Chain|p2a: Shaymin\n|-supereffective|p2a: Shaymin\n|-end|p2a: Shaymin|Substitute\n|\n|-heal|p2a: Shaymin|260/298|[from] item: Leftovers\n|-damage|p1a: Pecharunt|230/262|[from] Leech Seed|[of] p2a: Shaymin\n|-heal|p2a: Shaymin|292/298|[silent]\n|upkeep\n|turn|4\n|c|\u2606angsi|1\n|\n|t:|1782815062\n|move|p2a: Shaymin|Substitute|p2a: Shaymin\n|-start|p2a: Shaymin|Substitute\n|-damage|p2a: Shaymin|218/298\n|move|p1a: Pecharunt|Shadow Ball|p2a: Shaymin\n|-activate|p2a: Shaymin|move: Substitute|[damage]\n|\n|-heal|p2a: Shaymin|236/298|[from] item: Leftovers\n|-heal|p1a: Pecharunt|246/262|[from] item: Leftovers\n|-damage|p1a: Pecharunt|214/262|[from] Leech Seed|[of] p2a: Shaymin\n|-heal|p2a: Shaymin|268/298|[silent]\n|upkeep\n|turn|5\n|\n|t:|1782815073\n|move|p2a: Shaymin|Air Slash|p1a: Pecharunt\n|-damage|p1a: Pecharunt|154/262\n|move|p1a: Pecharunt|Shadow Ball|p2a: Shaymin\n|-end|p2a: Shaymin|Substitute\n|\n|-heal|p2a: Shaymin|286/298|[from] item: Leftovers\n|-heal|p1a: Pecharunt|170/262|[from] item: Leftovers\n|-damage|p1a: Pecharunt|138/262|[from] Leech Seed|[of] p2a: Shaymin\n|-heal|p2a: Shaymin|298/298|[silent]\n|upkeep\n|turn|6\n|\n|t:|1782815083\n|switch|p1a: Deoxys|Deoxys-Defense, L84|221/221\n|-ability|p1a: Deoxys|Pressure\n|move|p2a: Shaymin|Substitute|p2a: Shaymin\n|-start|p2a: Shaymin|Substitute\n|-damage|p2a: Shaymin|224/298\n|\n|-heal|p2a: Shaymin|242/298|[from] item: Leftovers\n|upkeep\n|turn|7\n|\n|t:|1782815094\n|move|p2a: Shaymin|Leech Seed|p1a: Deoxys\n|-start|p1a: Deoxys|move: Leech Seed\n|move|p1a: Deoxys|Psychic Noise|p2a: Shaymin\n|-damage|p2a: Shaymin|178/298\n|-start|p2a: Shaymin|move: Heal Block\n|\n|-damage|p1a: Deoxys|194/221|[from] Leech Seed|[of] p2a: Shaymin\n|upkeep\n|turn|8\n|\n|t:|1782815099\n|move|p2a: Shaymin|Seed Flare|p1a: Deoxys\n|-damage|p1a: Deoxys|110/221\n|move|p1a: Deoxys|Psychic Noise|p2a: Shaymin\n|-damage|p2a: Shaymin|120/298\n|\n|-damage|p1a: Deoxys|83/221|[from] Leech Seed|[of] p2a: Shaymin\n|-end|p2a: Shaymin|move: Heal Block\n|upkeep\n|turn|9\n|\n|t:|1782815106\n|switch|p1a: Magnezone|Magnezone, L85|258/258\n|move|p2a: Shaymin|Leech Seed|p1a: Magnezone\n|-start|p1a: Magnezone|move: Leech Seed\n|\n|-heal|p2a: Shaymin|138/298|[from] item: Leftovers\n|-damage|p1a: Magnezone|226/258|[from] Leech Seed|[of] p2a: Shaymin\n|-heal|p2a: Shaymin|170/298|[silent]\n|upkeep\n|turn|10\n|\n|t:|1782815117\n|move|p1a: Magnezone|Flash Cannon|p2a: Shaymin\n|-end|p2a: Shaymin|Substitute\n|move|p2a: Shaymin|Seed Flare|p1a: Magnezone\n|-resisted|p1a: Magnezone\n|-damage|p1a: Magnezone|166/258\n|\n|-heal|p2a: Shaymin|188/298|[from] item: Leftovers\n|-damage|p1a: Magnezone|134/258|[from] Leech Seed|[of] p2a: Shaymin\n|-heal|p2a: Shaymin|220/298|[silent]\n|upkeep\n|turn|11\n|\n|t:|1782815125\n|switch|p1a: Mandibuzz|Mandibuzz, L85, F|326/326\n|move|p2a: Shaymin|Substitute|p2a: Shaymin\n|-start|p2a: Shaymin|Substitute\n|-damage|p2a: Shaymin|146/298\n|\n|-heal|p2a: Shaymin|164/298|[from] item: Leftovers\n|upkeep\n|turn|12\n|\n|t:|1782815130\n|move|p2a: Shaymin|Leech Seed|p1a: Mandibuzz\n|-start|p1a: Mandibuzz|move: Leech Seed\n|move|p1a: Mandibuzz|Brave Bird|p2a: Shaymin\n|-supereffective|p2a: Shaymin\n|-end|p2a: Shaymin|Substitute\n|-damage|p1a: Mandibuzz|302/326|[from] Recoil|[of] p2a: Shaymin\n|\n|-heal|p2a: Shaymin|182/298|[from] item: Leftovers\n|-damage|p1a: Mandibuzz|262/326|[from] Leech Seed|[of] p2a: Shaymin\n|-heal|p2a: Shaymin|222/298|[silent]\n|upkeep\n|turn|13\n|\n|t:|1782815139\n|move|p2a: Shaymin|Substitute|p2a: Shaymin\n|-start|p2a: Shaymin|Substitute\n|-damage|p2a: Shaymin|148/298\n|move|p1a: Mandibuzz|Brave Bird|p2a: Shaymin\n|-supereffective|p2a: Shaymin\n|-end|p2a: Shaymin|Substitute\n|-damage|p1a: Mandibuzz|238/326|[from] Recoil|[of] p2a: Shaymin\n|\n|-heal|p2a: Shaymin|166/298|[from] item: Leftovers\n|-damage|p1a: Mandibuzz|198/326|[from] Leech Seed|[of] p2a: Shaymin\n|-heal|p2a: Shaymin|206/298|[silent]\n|upkeep\n|turn|14\n|\n|t:|1782815146\n|move|p2a: Shaymin|Substitute|p2a: Shaymin\n|-start|p2a: Shaymin|Substitute\n|-damage|p2a: Shaymin|132/298\n|move|p1a: Mandibuzz|Brave Bird|p2a: Shaymin\n|-supereffective|p2a: Shaymin\n|-end|p2a: Shaymin|Substitute\n|-damage|p1a: Mandibuzz|174/326|[from] Recoil|[of] p2a: Shaymin\n|\n|-heal|p2a: Shaymin|150/298|[from] item: Leftovers\n|-damage|p1a: Mandibuzz|134/326|[from] Leech Seed|[of] p2a: Shaymin\n|-heal|p2a: Shaymin|190/298|[silent]\n|upkeep\n|turn|15\n|\n|t:|1782815156\n|move|p2a: Shaymin|Seed Flare|p1a: Mandibuzz\n|-resisted|p1a: Mandibuzz\n|-damage|p1a: Mandibuzz|78/326\n|move|p1a: Mandibuzz|Roost|p1a: Mandibuzz\n|-heal|p1a: Mandibuzz|241/326\n|-singleturn|p1a: Mandibuzz|move: Roost\n|\n|-heal|p2a: Shaymin|208/298|[from] item: Leftovers\n|-damage|p1a: Mandibuzz|201/326|[from] Leech Seed|[of] p2a: Shaymin\n|-heal|p2a: Shaymin|248/298|[silent]\n|upkeep\n|turn|16\n|\n|t:|1782815161\n|move|p2a: Shaymin|Substitute|p2a: Shaymin\n|-start|p2a: Shaymin|Substitute\n|-damage|p2a: Shaymin|174/298\n|move|p1a: Mandibuzz|Brave Bird|p2a: Shaymin\n|-supereffective|p2a: Shaymin\n|-end|p2a: Shaymin|Substitute\n|-damage|p1a: Mandibuzz|177/326|[from] Recoil|[of] p2a: Shaymin\n|\n|-heal|p2a: Shaymin|192/298|[from] item: Leftovers\n|-damage|p1a: Mandibuzz|137/326|[from] Leech Seed|[of] p2a: Shaymin\n|-heal|p2a: Shaymin|232/298|[silent]\n|upkeep\n|turn|17\n|\n|t:|1782815167\n|move|p2a: Shaymin|Air Slash|p1a: Mandibuzz\n|-damage|p1a: Mandibuzz|86/326\n|move|p1a: Mandibuzz|Roost|p1a: Mandibuzz\n|-heal|p1a: Mandibuzz|249/326\n|-singleturn|p1a: Mandibuzz|move: Roost\n|\n|-heal|p2a: Shaymin|250/298|[from] item: Leftovers\n|-damage|p1a: Mandibuzz|209/326|[from] Leech Seed|[of] p2a: Shaymin\n|-heal|p2a: Shaymin|290/298|[silent]\n|upkeep\n|turn|18\n|\n|t:|1782815173\n|move|p2a: Shaymin|Substitute|p2a: Shaymin\n|-start|p2a: Shaymin|Substitute\n|-damage|p2a: Shaymin|216/298\n|move|p1a: Mandibuzz|Roost|p1a: Mandibuzz\n|-heal|p1a: Mandibuzz|326/326\n|-singleturn|p1a: Mandibuzz|move: Roost\n|\n|-heal|p2a: Shaymin|234/298|[from] item: Leftovers\n|-damage|p1a: Mandibuzz|286/326|[from] Leech Seed|[of] p2a: Shaymin\n|-heal|p2a: Shaymin|274/298|[silent]\n|upkeep\n|turn|19\n|\n|t:|1782815177\n|move|p2a: Shaymin|Seed Flare|p1a: Mandibuzz\n|-resisted|p1a: Mandibuzz\n|-damage|p1a: Mandibuzz|226/326\n|-unboost|p1a: Mandibuzz|spd|2\n|move|p1a: Mandibuzz|Brave Bird|p2a: Shaymin\n|-supereffective|p2a: Shaymin\n|-end|p2a: Shaymin|Substitute\n|-damage|p1a: Mandibuzz|202/326|[from] Recoil|[of] p2a: Shaymin\n|\n|-heal|p2a: Shaymin|292/298|[from] item: Leftovers\n|-damage|p1a: Mandibuzz|162/326|[from] Leech Seed|[of] p2a: Shaymin\n|-heal|p2a: Shaymin|298/298|[silent]\n|upkeep\n|turn|20\n|\n|t:|1782815185\n|move|p2a: Shaymin|Substitute|p2a: Shaymin\n|-start|p2a: Shaymin|Substitute\n|-damage|p2a: Shaymin|224/298\n|move|p1a: Mandibuzz|Brave Bird|p2a: Shaymin\n|-supereffective|p2a: Shaymin\n|-end|p2a: Shaymin|Substitute\n|-damage|p1a: Mandibuzz|138/326|[from] Recoil|[of] p2a: Shaymin\n|\n|-heal|p2a: Shaymin|242/298|[from] item: Leftovers\n|-damage|p1a: Mandibuzz|98/326|[from] Leech Seed|[of] p2a: Shaymin\n|-heal|p2a: Shaymin|282/298|[silent]\n|upkeep\n|turn|21\n|\n|t:|1782815188\n|move|p2a: Shaymin|Air Slash|p1a: Mandibuzz\n|-damage|p1a: Mandibuzz|0 fnt\n|faint|p1a: Mandibuzz\n|\n|-heal|p2a: Shaymin|298/298|[from] item: Leftovers\n|upkeep\n|\n|t:|1782815193\n|switch|p1a: Pecharunt|Pecharunt, L77|138/262\n|turn|22\n|\n|t:|1782815197\n|switch|p2a: Arbok|Arbok, L87, F|246/246\n|-ability|p2a: Arbok|Intimidate|boost\n|-unboost|p1a: Pecharunt|atk|1\n|move|p1a: Pecharunt|Malignant Chain|p2a: Arbok\n|-resisted|p2a: Arbok\n|-damage|p2a: Arbok|203/246\n|\n|-heal|p1a: Pecharunt|154/262|[from] item: Leftovers\n|upkeep\n|turn|23\n|\n|t:|1782815201\n|move|p2a: Arbok|Knock Off|p1a: Pecharunt\n|-supereffective|p1a: Pecharunt\n|-damage|p1a: Pecharunt|4/262\n|-enditem|p1a: Pecharunt|Leftovers|[from] move: Knock Off|[of] p2a: Arbok\n|move|p1a: Pecharunt|Recover|p1a: Pecharunt\n|-heal|p1a: Pecharunt|135/262\n|\n|upkeep\n|turn|24\n|\n|t:|1782815204\n|move|p2a: Arbok|Knock Off|p1a: Pecharunt\n|-supereffective|p1a: Pecharunt\n|-damage|p1a: Pecharunt|31/262\n|move|p1a: Pecharunt|Recover|p1a: Pecharunt\n|-heal|p1a: Pecharunt|162/262\n|\n|upkeep\n|turn|25\n|\n|t:|1782815212\n|switch|p2a: Talonflame|Talonflame, L83, M|265/265\n|switch|p1a: Wo-Chien|Wo-Chien, L83|277/277\n|-ability|p1a: Wo-Chien|Tablets of Ruin\n|\n|upkeep\n|turn|26\n|\n|t:|1782815226\n|switch|p1a: Pecharunt|Pecharunt, L77|162/262\n|move|p2a: Talonflame|Will-O-Wisp|p1a: Pecharunt\n|-status|p1a: Pecharunt|brn\n|\n|-damage|p1a: Pecharunt|146/262 brn|[from] brn\n|upkeep\n|turn|27\n|\n|t:|1782815231\n|move|p2a: Talonflame|Overheat|p1a: Pecharunt\n|-damage|p1a: Pecharunt|26/262 brn\n|-unboost|p2a: Talonflame|spa|2\n|move|p1a: Pecharunt|Recover|p1a: Pecharunt\n|-heal|p1a: Pecharunt|157/262 brn\n|\n|-damage|p1a: Pecharunt|141/262 brn|[from] brn\n|upkeep\n|turn|28\n|\n|t:|1782815236\n|switch|p2a: Arbok|Arbok, L87, F|203/246\n|-ability|p2a: Arbok|Intimidate|boost\n|-unboost|p1a: Pecharunt|atk|1\n|move|p1a: Pecharunt|Recover|p1a: Pecharunt\n|-heal|p1a: Pecharunt|262/262 brn\n|\n|-damage|p1a: Pecharunt|246/262 brn|[from] brn\n|upkeep\n|turn|29\n|\n|t:|1782815238\n|move|p2a: Arbok|Earthquake|p1a: Pecharunt\n|-supereffective|p1a: Pecharunt\n|-damage|p1a: Pecharunt|104/262 brn\n|move|p1a: Pecharunt|Nasty Plot|p1a: Pecharunt\n|-boost|p1a: Pecharunt|spa|2\n|\n|-damage|p1a: Pecharunt|88/262 brn|[from] brn\n|upkeep\n|turn|30\n|\n|t:|1782815242\n|move|p2a: Arbok|Earthquake|p1a: Pecharunt\n|-supereffective|p1a: Pecharunt\n|-damage|p1a: Pecharunt|0 fnt\n|faint|p1a: Pecharunt\n|\n|upkeep\n|\n|t:|1782815250\n|switch|p1a: Deoxys|Deoxys-Defense, L84|83/221\n|-ability|p1a: Deoxys|Pressure\n|turn|31\n|\n|t:|1782815256\n|switch|p2a: Cetitan|Cetitan, L82, M|412/412\n|move|p1a: Deoxys|Psychic Noise|p2a: Cetitan\n|-damage|p2a: Cetitan|328/412\n|-start|p2a: Cetitan|move: Heal Block\n|\n|upkeep\n|turn|32\n|\n|t:|1782815262\n|move|p1a: Deoxys|Recover|p1a: Deoxys\n|-heal|p1a: Deoxys|194/221\n|move|p2a: Cetitan|Ice Spinner|p1a: Deoxys\n|-damage|p1a: Deoxys|134/221\n|-damage|p2a: Cetitan|260/412|[from] item: Rocky Helmet|[of] p1a: Deoxys\n|\n|-end|p2a: Cetitan|move: Heal Block\n|upkeep\n|turn|33\n|\n|t:|1782815266\n|move|p1a: Deoxys|Psychic Noise|p2a: Cetitan\n|-damage|p2a: Cetitan|163/412\n|-start|p2a: Cetitan|move: Heal Block\n|move|p2a: Cetitan|Belly Drum||[still]\n|-fail|p2a: Cetitan\n|\n|upkeep\n|turn|34\n|\n|t:|1782815273\n|switch|p2a: Talonflame|Talonflame, L83, M|265/265\n|move|p1a: Deoxys|Psychic Noise|p2a: Talonflame\n|-damage|p2a: Talonflame|193/265\n|-start|p2a: Talonflame|move: Heal Block\n|\n|upkeep\n|turn|35\n|\n|t:|1782815283\n|move|p2a: Talonflame|Will-O-Wisp|p1a: Deoxys\n|-status|p1a: Deoxys|brn\n|move|p1a: Deoxys|Recover|p1a: Deoxys\n|-heal|p1a: Deoxys|221/221 brn\n|\n|-damage|p1a: Deoxys|208/221 brn|[from] brn\n|-end|p2a: Talonflame|move: Heal Block\n|upkeep\n|turn|36\n|\n|t:|1782815286\n|move|p2a: Talonflame|Roost|p2a: Talonflame\n|-heal|p2a: Talonflame|265/265\n|-singleturn|p2a: Talonflame|move: Roost\n|move|p1a: Deoxys|Psychic Noise|p2a: Talonflame\n|-damage|p2a: Talonflame|192/265\n|-start|p2a: Talonflame|move: Heal Block\n|\n|-damage|p1a: Deoxys|195/221 brn|[from] brn\n|upkeep\n|turn|37\n|\n|t:|1782815289\n|move|p2a: Talonflame|Brave Bird|p1a: Deoxys\n|-damage|p1a: Deoxys|132/221 brn\n|-damage|p2a: Talonflame|148/265|[from] item: Rocky Helmet|[of] p1a: Deoxys\n|-damage|p2a: Talonflame|127/265|[from] Recoil\n|move|p1a: Deoxys|Stealth Rock|p2a: Talonflame\n|-sidestart|p2: angsi|move: Stealth Rock\n|\n|-damage|p1a: Deoxys|119/221 brn|[from] brn\n|-end|p2a: Talonflame|move: Heal Block\n|upkeep\n|turn|38\n|\n|t:|1782815293\n|move|p2a: Talonflame|Roost|p2a: Talonflame\n|-heal|p2a: Talonflame|260/265\n|-singleturn|p2a: Talonflame|move: Roost\n|move|p1a: Deoxys|Recover|p1a: Deoxys\n|-heal|p1a: Deoxys|221/221 brn\n|\n|-damage|p1a: Deoxys|208/221 brn|[from] brn\n|upkeep\n|turn|39\n|\n|t:|1782815299\n|move|p2a: Talonflame|Overheat|p1a: Deoxys\n|-damage|p1a: Deoxys|136/221 brn\n|-unboost|p2a: Talonflame|spa|2\n|move|p1a: Deoxys|Teleport|p1a: Deoxys\n|\n|t:|1782815303\n|switch|p1a: Magnezone|Magnezone, L85|134/258|[from] Teleport\n|\n|upkeep\n|turn|40\n|\n|t:|1782815308\n|switch|p2a: Cetitan|Cetitan, L82, M|163/412\n|-enditem|p2a: Cetitan|Sitrus Berry|[eat]\n|-heal|p2a: Cetitan|266/412|[from] item: Sitrus Berry\n|-damage|p2a: Cetitan|163/412|[from] Stealth Rock\n|move|p1a: Magnezone|Volt Switch|p2a: Cetitan\n|-damage|p2a: Cetitan|0 fnt\n|faint|p2a: Cetitan\n|\n|t:|1782815313\n|switch|p1a: Deoxys|Deoxys-Defense, L84|136/221 brn|[from] Volt Switch\n|-ability|p1a: Deoxys|Pressure\n|\n|-damage|p1a: Deoxys|123/221 brn|[from] brn\n|upkeep\n|\n|t:|1782815318\n|switch|p2a: Rayquaza|Rayquaza, L72|270/270\n|-ability|p2a: Rayquaza|Air Lock\n|turn|41\n|\n|t:|1782815327\n|move|p1a: Deoxys|Psychic Noise|p2a: Rayquaza\n|-damage|p2a: Rayquaza|203/270\n|-start|p2a: Rayquaza|move: Heal Block\n|move|p2a: Rayquaza|Swords Dance|p2a: Rayquaza\n|-boost|p2a: Rayquaza|atk|2\n|\n|-damage|p1a: Deoxys|110/221 brn|[from] brn\n|upkeep\n|turn|42\n|\n|t:|1782815339\n|move|p1a: Deoxys|Psychic Noise|p2a: Rayquaza\n|-damage|p2a: Rayquaza|125/270\n|move|p2a: Rayquaza|Earthquake|p1a: Deoxys\n|-damage|p1a: Deoxys|24/221 brn\n|\n|-damage|p1a: Deoxys|11/221 brn|[from] brn\n|-end|p2a: Rayquaza|move: Heal Block\n|upkeep\n|turn|43\n|\n|t:|1782815348\n|move|p2a: Rayquaza|Extreme Speed|p1a: Deoxys\n|-damage|p1a: Deoxys|0 fnt\n|-damage|p2a: Rayquaza|80/270|[from] item: Rocky Helmet|[of] p1a: Deoxys\n|faint|p1a: Deoxys\n|\n|upkeep\n|\n|t:|1782815356\n|switch|p1a: Gurdurr|Gurdurr, L85, F|283/283\n|turn|44\n|\n|t:|1782815360\n|-terastallize|p1a: Gurdurr|Steel\n|move|p2a: Rayquaza|Dragon Ascent|p1a: Gurdurr\n|-resisted|p1a: Gurdurr\n|-damage|p1a: Gurdurr|195/283\n|-unboost|p2a: Rayquaza|def|1\n|-unboost|p2a: Rayquaza|spd|1\n|move|p1a: Gurdurr|Knock Off|p2a: Rayquaza\n|-damage|p2a: Rayquaza|0 fnt\n|-enditem|p2a: Rayquaza|Heavy-Duty Boots|[from] move: Knock Off|[of] p1a: Gurdurr\n|faint|p2a: Rayquaza\n|\n|upkeep\n|\n|t:|1782815362\n|switch|p2a: Gurdurr|Gurdurr, L85, M|283/283\n|-damage|p2a: Gurdurr|266/283|[from] Stealth Rock\n|turn|45\n|\n|t:|1782815370\n|move|p2a: Gurdurr|Drain Punch|p1a: Gurdurr\n|-supereffective|p1a: Gurdurr\n|-damage|p1a: Gurdurr|75/283\n|-heal|p2a: Gurdurr|283/283|[from] drain|[of] p1a: Gurdurr\n|move|p1a: Gurdurr|Knock Off|p2a: Gurdurr\n|-resisted|p2a: Gurdurr\n|-damage|p2a: Gurdurr|260/283\n|-enditem|p2a: Gurdurr|Eviolite|[from] move: Knock Off|[of] p1a: Gurdurr\n|\n|upkeep\n|turn|46\n|\n|t:|1782815377\n|move|p1a: Gurdurr|Drain Punch|p2a: Gurdurr\n|-damage|p2a: Gurdurr|178/283\n|-heal|p1a: Gurdurr|116/283|[from] drain|[of] p2a: Gurdurr\n|move|p2a: Gurdurr|Drain Punch|p1a: Gurdurr\n|-supereffective|p1a: Gurdurr\n|-damage|p1a: Gurdurr|6/283\n|-heal|p2a: Gurdurr|233/283|[from] drain|[of] p1a: Gurdurr\n|\n|upkeep\n|turn|47\n|\n|t:|1782815385\n|move|p2a: Gurdurr|Mach Punch|p1a: Gurdurr\n|-supereffective|p1a: Gurdurr\n|-damage|p1a: Gurdurr|0 fnt\n|faint|p1a: Gurdurr\n|\n|upkeep\n|\n|t:|1782815389\n|switch|p1a: Wo-Chien|Wo-Chien, L83|277/277\n|-ability|p1a: Wo-Chien|Tablets of Ruin\n|turn|48\n|\n|t:|1782815397\n|move|p1a: Wo-Chien|Leech Seed|p2a: Gurdurr\n|-start|p2a: Gurdurr|move: Leech Seed\n|move|p2a: Gurdurr|Bulk Up|p2a: Gurdurr\n|-boost|p2a: Gurdurr|atk|1\n|-boost|p2a: Gurdurr|def|1\n|\n|-damage|p2a: Gurdurr|198/283|[from] Leech Seed|[of] p1a: Wo-Chien\n|upkeep\n|turn|49\n|\n|t:|1782815408\n|move|p1a: Wo-Chien|Protect|p1a: Wo-Chien\n|-singleturn|p1a: Wo-Chien|Protect\n|move|p2a: Gurdurr|Drain Punch|p1a: Wo-Chien\n|-activate|p1a: Wo-Chien|move: Protect\n|\n|-damage|p2a: Gurdurr|163/283|[from] Leech Seed|[of] p1a: Wo-Chien\n|upkeep\n|turn|50\n|\n|t:|1782815417\n|move|p1a: Wo-Chien|Stun Spore|p2a: Gurdurr\n|-status|p2a: Gurdurr|par\n|move|p2a: Gurdurr|Knock Off|p1a: Wo-Chien\n|-resisted|p1a: Wo-Chien\n|-crit|p1a: Wo-Chien\n|-damage|p1a: Wo-Chien|186/277\n|-enditem|p1a: Wo-Chien|Leftovers|[from] move: Knock Off|[of] p2a: Gurdurr\n|\n|-damage|p2a: Gurdurr|128/283 par|[from] Leech Seed|[of] p1a: Wo-Chien\n|-heal|p1a: Wo-Chien|221/277|[silent]\n|upkeep\n|turn|51\n|\n|t:|1782815426\n|switch|p1a: Magnezone|Magnezone, L85|134/258\n|switch|p2a: Shaymin|Shaymin, L82|298/298\n|-damage|p2a: Shaymin|261/298|[from] Stealth Rock\n|\n|-heal|p2a: Shaymin|279/298|[from] item: Leftovers\n|upkeep\n|turn|52\n|\n|t:|1782815435\n|move|p1a: Magnezone|Flash Cannon|p2a: Shaymin\n|-damage|p2a: Shaymin|170/298\n|move|p2a: Shaymin|Leech Seed|p1a: Magnezone\n|-start|p1a: Magnezone|move: Leech Seed\n|\n|-heal|p2a: Shaymin|188/298|[from] item: Leftovers\n|-damage|p1a: Magnezone|102/258|[from] Leech Seed|[of] p2a: Shaymin\n|-heal|p2a: Shaymin|220/298|[silent]\n|upkeep\n|turn|53\n|-message|lotanol forfeited.\n|\n|win|angsi\n|raw|lotanol's rating: 1976 &rarr; <strong>1957</strong><br />(-19 for losing)\n|raw|angsi's rating: 1999 &rarr; <strong>2018</strong><br />(+19 for winning)\n", "inputlog": ">version f8ac14003a5f27e1bdc8d8c59608a773c1cb96e5\n>start {\"formatid\":\"gen9randombattle\",\"seed\":\"sodium,50584c4baaafe569e493d9bfc75e64f0\",\"rated\":\"Rated battle\"}\n>player p1 {\"name\":\"lotanol\",\"avatar\":\"alder\",\"rating\":1976,\"seed\":\"sodium,db055bb1fdb88fbde38fba17c7509c93\"}\n>player p2 {\"name\":\"angsi\",\"avatar\":\"170\",\"rating\":1999,\"seed\":\"sodium,8f324bb9a0f6f28170446d89db616129\"}\n>p1 switch 2\n>p2 switch 3\n>p1 switch 5\n>p2 move substitute\n>p1 move malignantchain\n>p2 move leechseed\n>chat \u2606angsi|1\n>p1 move shadowball\n>p2 move substitute\n>p1 move shadowball\n>p2 move airslash\n>p1 switch 4\n>p2 move substitute\n>p1 move psychicnoise\n>p2 move leechseed\n>p1 move psychicnoise\n>p2 move seedflare\n>p1 switch 5\n>p2 move leechseed\n>p1 move flashcannon\n>p2 move seedflare\n>p1 switch 3\n>p2 move substitute\n>p1 move bravebird\n>p2 move leechseed\n>p1 move bravebird\n>p2 move substitute\n>p1 move bravebird\n>p2 move substitute\n>p1 move roost\n>p2 move seedflare\n>p1 move bravebird\n>p2 move substitute\n>p1 move roost\n>p2 move airslash\n>p1 move roost\n>p2 move substitute\n>p1 move bravebird\n>p2 move seedflare\n>p1 move bravebird\n>p2 move substitute\n>p1 move bravebird\n>p2 move airslash\n>p1 switch 4\n>p1 move malignantchain\n>p2 switch 6\n>p1 move recover\n>p2 move knockoff\n>p1 move recover\n>p2 move knockoff\n>p1 switch 2\n>p2 switch 2\n>p1 switch 2\n>p2 move willowisp\n>p1 move recover\n>p2 move overheat\n>p1 move recover\n>p2 switch 2\n>p1 move nastyplot\n>p2 move earthquake\n>p1 move shadowball\n>p2 move earthquake\n>p1 switch 5\n>p1 move psychicnoise\n>p2 switch 3\n>p1 move recover\n>p2 move icespinner\n>p1 move psychicnoise\n>p2 move bellydrum\n>p1 move psychicnoise\n>p2 switch 2\n>p1 move recover\n>p2 move willowisp\n>p1 move psychicnoise\n>p2 move roost\n>p1 move stealthrock\n>p2 move bravebird\n>p1 move recover\n>p2 move roost\n>p1 move teleport\n>p2 move overheat\n>p1 switch 3\n>p1 move voltswitch\n>p2 switch 2\n>p1 switch 3\n>p2 switch 4\n>p1 move psychicnoise\n>p2 move swordsdance\n>p1 move psychicnoise\n>p2 move earthquake\n>p1 move psychicnoise\n>p2 move extremespeed\n>p1 switch 6\n>p1 move knockoff terastallize\n>p2 move dragonascent\n>p2 switch 5\n>p1 move knockoff\n>p2 move drainpunch\n>p1 move drainpunch\n>p2 move drainpunch\n>p1 move drainpunch\n>p2 move machpunch\n>p1 switch 2\n>p1 move leechseed\n>p2 move bulkup\n>p1 move protect\n>p2 move drainpunch\n>p1 move stunspore\n>p2 move knockoff\n>p1 switch 3\n>p2 switch 6\n>p1 move flashcannon\n>p2 move leechseed\n>forcelose p1", "uploadtime": 1782815004, "views": 8, "formatid": "gen9randombattle", "rating": 1957, "private": 0, "password": null, "player_dets": [{"name": "lotanol", "avatar": "alder", "rating": 1976, "seed": "sodium,db055bb1fdb88fbde38fba17c7509c93"}, {"name": "angsi", "avatar": "170", "rating": 1999, "seed": "sodium,8f324bb9a0f6f28170446d89db616129"}], "teams_full": [{"Wo-Chien": {"name": "Wo-Chien", "species": "Wo-Chien", "speciesId": "wochien", "gender": "N", "shiny": false, "level": 83, "moves": ["stunspore", "leechseed", "knockoff", "protect"], "ability": "Tablets of Ruin", "evs": {"hp": 85, "atk": 85, "def": 85, "spa": 85, "spd": 85, "spe": 85}, "ivs": {"hp": 31, "atk": 31, "def": 31, "spa": 31, "spd": 31, "spe": 31}, "item": "Leftovers", "teraType": "Poison", "role": "Bulky Support", "bvs": {"hp": 85, "atk": 85, "def": 100, "spa": 95, "spd": 135, "spe": 70}, "stats": {"hp": 277, "atk": 189, "def": 214, "spa": 205, "spd": 272, "spe": 164}, "types": ["Dark", "Grass"]}, "Magnezone": {"name": "Magnezone", "species": "Magnezone", "speciesId": "magnezone", "gender": "N", "shiny": false, "level": 85, "moves": ["flashcannon", "bodypress", "thunderbolt", "voltswitch"], "ability": "Analytic", "evs": {"hp": 85, "atk": 0, "def": 85, "spa": 85, "spd": 85, "spe": 85}, "ivs": {"hp": 31, "atk": 0, "def": 31, "spa": 31, "spd": 31, "spe": 31}, "item": "Choice Scarf", "teraType": "Electric", "role": "Fast Attacker", "bvs": {"hp": 70, "atk": 70, "def": 115, "spa": 130, "spd": 90, "spe": 60}, "stats": {"hp": 258, "atk": 124, "def": 244, "spa": 270, "spd": 202, "spe": 151}, "types": ["Electric", "Steel"]}, "Mandibuzz": {"name": "Mandibuzz", "species": "Mandibuzz", "speciesId": "mandibuzz", "gender": "F", "shiny": false, "level": 85, "moves": ["roost", "knockoff", "bravebird", "toxic"], "ability": "Overcoat", "evs": {"hp": 85, "atk": 85, "def": 85, "spa": 85, "spd": 85, "spe": 85}, "ivs": {"hp": 31, "atk": 31, "def": 31, "spa": 31, "spd": 31, "spe": 31}, "item": "Heavy-Duty Boots", "teraType": "Steel", "role": "Bulky Attacker", "bvs": {"hp": 110, "atk": 65, "def": 105, "spa": 55, "spd": 95, "spe": 80}, "stats": {"hp": 326, "atk": 159, "def": 227, "spa": 142, "spd": 210, "spe": 185}, "types": ["Dark", "Flying"]}, "Deoxys": {"name": "Deoxys", "species": "Deoxys-Defense", "speciesId": "deoxysdefense", "gender": "N", "shiny": false, "level": 84, "moves": ["recover", "teleport", "psychicnoise", "stealthrock"], "ability": "Pressure", "evs": {"hp": 85, "atk": 0, "def": 85, "spa": 85, "spd": 85, "spe": 85}, "ivs": {"hp": 31, "atk": 0, "def": 31, "spa": 31, "spd": 31, "spe": 31}, "item": "Rocky Helmet", "teraType": "Dark", "role": "Bulky Support", "bvs": {"hp": 50, "atk": 70, "def": 160, "spa": 70, "spd": 160, "spe": 90}, "stats": {"hp": 221, "atk": 122, "def": 317, "spa": 166, "spd": 317, "spe": 199}, "types": ["Psychic"]}, "Pecharunt": {"name": "Pecharunt", "species": "Pecharunt", "speciesId": "pecharunt", "gender": "N", "shiny": false, "level": 77, "moves": ["malignantchain", "shadowball", "nastyplot", "recover"], "ability": "Poison Puppeteer", "evs": {"hp": 85, "atk": 0, "def": 85, "spa": 85, "spd": 85, "spe": 85}, "ivs": {"hp": 31, "atk": 0, "def": 31, "spa": 31, "spd": 31, "spe": 31}, "item": "Leftovers", "teraType": "Dark", "role": "Bulky Attacker", "bvs": {"hp": 88, "atk": 88, "def": 160, "spa": 88, "spd": 88, "spe": 88}, "stats": {"hp": 262, "atk": 140, "def": 291, "spa": 180, "spd": 180, "spe": 180}, "types": ["Poison", "Ghost"]}, "Gurdurr": {"name": "Gurdurr", "species": "Gurdurr", "speciesId": "gurdurr", "gender": "F", "shiny": false, "level": 85, "moves": ["machpunch", "drainpunch", "bulkup", "knockoff"], "ability": "Guts", "evs": {"hp": 85, "atk": 85, "def": 85, "spa": 85, "spd": 85, "spe": 85}, "ivs": {"hp": 31, "atk": 31, "def": 31, "spa": 31, "spd": 31, "spe": 31}, "item": "Eviolite", "teraType": "Steel", "role": "Bulky Attacker", "bvs": {"hp": 85, "atk": 105, "def": 85, "spa": 40, "spd": 50, "spe": 40}, "stats": {"hp": 283, "atk": 227, "def": 193, "spa": 117, "spd": 134, "spe": 117}, "types": ["Fighting"]}}, {"Cetitan": {"name": "Cetitan", "species": "Cetitan", "speciesId": "cetitan", "gender": "M", "shiny": false, "level": 82, "moves": ["earthquake", "icespinner", "bellydrum", "iceshard"], "ability": "Thick Fat", "evs": {"hp": 81, "atk": 85, "def": 85, "spa": 85, "spd": 85, "spe": 85}, "ivs": {"hp": 31, "atk": 31, "def": 31, "spa": 31, "spd": 31, "spe": 31}, "item": "Sitrus Berry", "teraType": "Ice", "role": "Bulky Setup", "bvs": {"hp": 170, "atk": 113, "def": 65, "spa": 45, "spd": 55, "spe": 73}, "stats": {"hp": 412, "atk": 232, "def": 154, "spa": 121, "spd": 137, "spe": 167}, "types": ["Ice"]}, "Talonflame": {"name": "Talonflame", "species": "Talonflame", "speciesId": "talonflame", "gender": "M", "shiny": false, "level": 83, "moves": ["willowisp", "roost", "overheat", "bravebird"], "ability": "Flame Body", "evs": {"hp": 85, "atk": 85, "def": 85, "spa": 85, "spd": 85, "spe": 85}, "ivs": {"hp": 31, "atk": 31, "def": 31, "spa": 31, "spd": 31, "spe": 31}, "item": "Heavy-Duty Boots", "teraType": "Dragon", "role": "Bulky Attacker", "bvs": {"hp": 78, "atk": 81, "def": 71, "spa": 74, "spd": 69, "spe": 126}, "stats": {"hp": 265, "atk": 182, "def": 166, "spa": 171, "spd": 162, "spe": 257}, "types": ["Fire", "Flying"]}, "Shaymin": {"name": "Shaymin", "species": "Shaymin", "speciesId": "shaymin", "gender": "N", "shiny": false, "level": 82, "moves": ["airslash", "seedflare", "leechseed", "substitute"], "ability": "Natural Cure", "evs": {"hp": 85, "atk": 0, "def": 85, "spa": 85, "spd": 85, "spe": 85}, "ivs": {"hp": 31, "atk": 0, "def": 31, "spa": 31, "spd": 31, "spe": 31}, "item": "Leftovers", "teraType": "Steel", "role": "Bulky Support", "bvs": {"hp": 100, "atk": 100, "def": 100, "spa": 100, "spd": 100, "spe": 100}, "stats": {"hp": 298, "atk": 169, "def": 211, "spa": 211, "spd": 211, "spe": 211}, "types": ["Grass"]}, "Rayquaza": {"name": "Rayquaza", "species": "Rayquaza", "speciesId": "rayquaza", "gender": "N", "shiny": false, "level": 72, "moves": ["dragonascent", "earthquake", "extremespeed", "swordsdance"], "ability": "Air Lock", "evs": {"hp": 85, "atk": 85, "def": 85, "spa": 85, "spd": 85, "spe": 85}, "ivs": {"hp": 31, "atk": 31, "def": 31, "spa": 31, "spd": 31, "spe": 31}, "item": "Heavy-Duty Boots", "teraType": "Normal", "role": "Fast Attacker", "bvs": {"hp": 105, "atk": 150, "def": 90, "spa": 150, "spd": 90, "spe": 95}, "stats": {"hp": 270, "atk": 258, "def": 172, "spa": 258, "spd": 172, "spe": 179}, "types": ["Dragon", "Flying"]}, "Gurdurr": {"name": "Gurdurr", "species": "Gurdurr", "speciesId": "gurdurr", "gender": "M", "shiny": false, "level": 85, "moves": ["bulkup", "machpunch", "knockoff", "drainpunch"], "ability": "Guts", "evs": {"hp": 85, "atk": 85, "def": 85, "spa": 85, "spd": 85, "spe": 85}, "ivs": {"hp": 31, "atk": 31, "def": 31, "spa": 31, "spd": 31, "spe": 31}, "item": "Eviolite", "teraType": "Steel", "role": "Bulky Attacker", "bvs": {"hp": 85, "atk": 105, "def": 85, "spa": 40, "spd": 50, "spe": 40}, "stats": {"hp": 283, "atk": 227, "def": 193, "spa": 117, "spd": 134, "spe": 117}, "types": ["Fighting"]}, "Arbok": {"name": "Arbok", "species": "Arbok", "speciesId": "arbok", "gender": "F", "shiny": false, "level": 87, "moves": ["earthquake", "gunkshot", "knockoff", "suckerpunch"], "ability": "Intimidate", "evs": {"hp": 85, "atk": 85, "def": 85, "spa": 85, "spd": 85, "spe": 85}, "ivs": {"hp": 31, "atk": 31, "def": 31, "spa": 31, "spd": 31, "spe": 31}, "item": "Choice Band", "teraType": "Dark", "role": "Fast Support", "bvs": {"hp": 60, "atk": 95, "def": 69, "spa": 65, "spd": 79, "spe": 80}, "stats": {"hp": 246, "atk": 215, "def": 170, "spa": 163, "spd": 187, "spe": 189}, "types": ["Poison"]}}]}