{"id": "gen9randombattle-2641503676", "format": "[Gen 9] Random Battle", "players": ["BTS fan forevahh", "gholdengoballs"], "log": "|j|\u2606BTS fan forevahh\n|j|\u203dgholdengoballs\n|t:|1782796036\n|gametype|singles\n|player|p1|BTS fan forevahh|169|2104\n|player|p2|gholdengoballs|169|2209\n|gen|9\n|tier|[Gen 9] Random Battle\n|rated|\n|rule|Species Clause: Limit one of each Pok\u00e9mon\n|rule|HP Percentage Mod: HP is shown in percentages\n|rule|Sleep Clause Mod: Limit one foe put to sleep\n|rule|Illusion Level Mod: Illusion disguises the Pok\u00e9mon's true level\n|\n|t:|1782796036\n|teamsize|p1|6\n|teamsize|p2|6\n|start\n|switch|p1a: Arcanine|Arcanine, L84, F|288/288\n|switch|p2a: Galvantula|Galvantula, L82, M|249/249\n|-ability|p1a: Arcanine|Intimidate|boost\n|-unboost|p2a: Galvantula|atk|1\n|turn|1\n|inactive|Battle timer is ON: inactive players will automatically lose when time's up. (requested by gholdengoballs)\n|\n|t:|1782796061\n|move|p2a: Galvantula|Sticky Web|p1a: Arcanine\n|-sidestart|p1: BTS fan forevahh|move: Sticky Web\n|move|p1a: Arcanine|Flare Blitz|p2a: Galvantula\n|-supereffective|p2a: Galvantula\n|-enditem|p2a: Galvantula|Focus Sash\n|-damage|p2a: Galvantula|1/249\n|-damage|p1a: Arcanine|206/288|[from] Recoil\n|\n|upkeep\n|turn|2\n|\n|t:|1782796070\n|move|p1a: Arcanine|Extreme Speed|p2a: Galvantula\n|-damage|p2a: Galvantula|0 fnt\n|faint|p2a: Galvantula\n|\n|upkeep\n|\n|t:|1782796076\n|switch|p2a: Walking Wake|Walking Wake, L79|286/286\n|turn|3\n|\n|t:|1782796082\n|switch|p1a: Dialga|Dialga, L73|266/266\n|-activate|p1a: Dialga|move: Sticky Web\n|-unboost|p1a: Dialga|spe|1\n|-ability|p1a: Dialga|Pressure\n|move|p2a: Walking Wake|Sunny Day|p2a: Walking Wake\n|-weather|SunnyDay\n|-activate|p2a: Walking Wake|ability: Protosynthesis\n|-start|p2a: Walking Wake|protosynthesisspa\n|\n|-weather|SunnyDay|[upkeep]\n|upkeep\n|turn|4\n|inactive|gholdengoballs has 120 seconds left.\n|\n|t:|1782796113\n|-end|p2a: Walking Wake|Protosynthesis|[silent]\n|switch|p2a: Toxapex|Toxapex, L82, M|216/216\n|move|p1a: Dialga|Draco Meteor|p2a: Toxapex|[miss]\n|-miss|p1a: Dialga|p2a: Toxapex\n|\n|-weather|SunnyDay|[upkeep]\n|upkeep\n|turn|5\n|\n|t:|1782796130\n|switch|p1a: Bruxish|Bruxish, L85, M|254/254\n|-activate|p1a: Bruxish|move: Sticky Web\n|-unboost|p1a: Bruxish|spe|1\n|move|p2a: Toxapex|Toxic Spikes|p1a: Bruxish\n|-sidestart|p1: BTS fan forevahh|move: Toxic Spikes\n|\n|-weather|SunnyDay|[upkeep]\n|upkeep\n|turn|6\n|\n|t:|1782796136\n|switch|p2a: Ting-Lu|Ting-Lu, L78|370/370\n|-ability|p2a: Ting-Lu|Vessel of Ruin\n|move|p1a: Bruxish|Psychic Fangs|p2a: Ting-Lu\n|-immune|p2a: Ting-Lu\n|\n|-weather|SunnyDay|[upkeep]\n|upkeep\n|turn|7\n|\n|t:|1782796152\n|move|p1a: Bruxish|Swords Dance|p1a: Bruxish\n|-boost|p1a: Bruxish|atk|2\n|move|p2a: Ting-Lu|Stealth Rock|p1a: Bruxish\n|-sidestart|p1: BTS fan forevahh|move: Stealth Rock\n|\n|-weather|none\n|upkeep\n|turn|8\n|\n|t:|1782796166\n|switch|p2a: Walking Wake|Walking Wake, L79|286/286\n|move|p1a: Bruxish|Wave Crash|p2a: Walking Wake\n|-resisted|p2a: Walking Wake\n|-damage|p2a: Walking Wake|185/286\n|-damage|p1a: Bruxish|221/254|[from] Recoil\n|-damage|p1a: Bruxish|196/254|[from] item: Life Orb\n|\n|upkeep\n|turn|9\n|\n|t:|1782796170\n|move|p2a: Walking Wake|Draco Meteor|p1a: Bruxish\n|-damage|p1a: Bruxish|0 fnt\n|-unboost|p2a: Walking Wake|spa|2\n|faint|p1a: Bruxish\n|-damage|p2a: Walking Wake|157/286|[from] item: Life Orb\n|\n|upkeep\n|\n|t:|1782796180\n|switch|p1a: Grafaiai|Grafaiai, L86, M|249/249\n|-activate|p1a: Grafaiai|move: Sticky Web\n|-unboost|p1a: Grafaiai|spe|1\n|-sideend|p1: BTS fan forevahh|move: Toxic Spikes|[of] p1a: Grafaiai\n|-damage|p1a: Grafaiai|218/249|[from] Stealth Rock\n|turn|10\n|\n|t:|1782796187\n|-end|p2a: Walking Wake|Protosynthesis|[silent]\n|switch|p2a: Toxapex|Toxapex, L82, M|216/216\n|move|p1a: Grafaiai|Knock Off|p2a: Toxapex\n|-damage|p2a: Toxapex|148/216\n|-enditem|p2a: Toxapex|Leftovers|[from] move: Knock Off|[of] p1a: Grafaiai\n|-damage|p1a: Grafaiai|194/249|[from] item: Life Orb\n|\n|upkeep\n|turn|11\n|\n|t:|1782796196\n|switch|p1a: Dialga|Dialga, L73|266/266\n|-activate|p1a: Dialga|move: Sticky Web\n|-unboost|p1a: Dialga|spe|1\n|-damage|p1a: Dialga|250/266|[from] Stealth Rock\n|-ability|p1a: Dialga|Pressure\n|move|p2a: Toxapex|Toxic Spikes|p1a: Dialga\n|-sidestart|p1: BTS fan forevahh|move: Toxic Spikes\n|\n|upkeep\n|turn|12\n|\n|t:|1782796201\n|move|p2a: Toxapex|Recover|p2a: Toxapex\n|-heal|p2a: Toxapex|216/216\n|move|p1a: Dialga|Dragon Tail|p2a: Toxapex|[miss]\n|-miss|p1a: Dialga|p2a: Toxapex\n|\n|upkeep\n|turn|13\n|\n|t:|1782796205\n|move|p2a: Toxapex|Toxic Spikes|p1a: Dialga\n|-sidestart|p1: BTS fan forevahh|move: Toxic Spikes\n|move|p1a: Dialga|Dragon Tail|p2a: Toxapex\n|-damage|p2a: Toxapex|176/216\n|drag|p2a: Walking Wake|Walking Wake, L79|157/286\n|\n|upkeep\n|turn|14\n|\n|t:|1782796211\n|-end|p2a: Walking Wake|Protosynthesis|[silent]\n|switch|p2a: Toxapex|Toxapex, L82, M|216/216\n|move|p1a: Dialga|Dragon Tail|p2a: Toxapex\n|-damage|p2a: Toxapex|180/216\n|drag|p2a: Cinderace|Cinderace, L77, F|250/250\n|\n|upkeep\n|turn|15\n|\n|t:|1782796219\n|switch|p2a: Toxapex|Toxapex, L82, M|216/216\n|switch|p1a: Spiritomb|Spiritomb, L89, M|234/234\n|-activate|p1a: Spiritomb|move: Sticky Web\n|-unboost|p1a: Spiritomb|spe|1\n|-damage|p1a: Spiritomb|205/234|[from] Stealth Rock\n|-status|p1a: Spiritomb|tox\n|\n|-heal|p1a: Spiritomb|219/234 tox|[from] item: Leftovers\n|-damage|p1a: Spiritomb|205/234 tox|[from] psn\n|upkeep\n|turn|16\n|\n|t:|1782796224\n|move|p2a: Toxapex|Liquidation|p1a: Spiritomb\n|-damage|p1a: Spiritomb|159/234 tox\n|move|p1a: Spiritomb|Poltergeist||[still]\n|-fail|p1a: Spiritomb\n|\n|-heal|p1a: Spiritomb|173/234 tox|[from] item: Leftovers\n|-damage|p1a: Spiritomb|145/234 tox|[from] psn\n|upkeep\n|turn|17\n|\n|t:|1782796230\n|move|p2a: Toxapex|Liquidation|p1a: Spiritomb\n|-damage|p1a: Spiritomb|97/234 tox\n|move|p1a: Spiritomb|Will-O-Wisp|p2a: Toxapex\n|-status|p2a: Toxapex|brn\n|\n|-heal|p1a: Spiritomb|111/234 tox|[from] item: Leftovers\n|-damage|p1a: Spiritomb|69/234 tox|[from] psn\n|-damage|p2a: Toxapex|203/216 brn|[from] brn\n|upkeep\n|turn|18\n|\n|t:|1782796240\n|switch|p2a: Walking Wake|Walking Wake, L79|157/286\n|switch|p1a: Grafaiai|Grafaiai, L86, M|194/249\n|-activate|p1a: Grafaiai|move: Sticky Web\n|-unboost|p1a: Grafaiai|spe|1\n|-damage|p1a: Grafaiai|163/249|[from] Stealth Rock\n|-sideend|p1: BTS fan forevahh|move: Toxic Spikes|[of] p1a: Grafaiai\n|\n|upkeep\n|turn|19\n|\n|t:|1782796258\n|move|p2a: Walking Wake|Draco Meteor|p1a: Grafaiai\n|-damage|p1a: Grafaiai|0 fnt\n|-unboost|p2a: Walking Wake|spa|2\n|faint|p1a: Grafaiai\n|-damage|p2a: Walking Wake|129/286|[from] item: Life Orb\n|\n|upkeep\n|\n|t:|1782796261\n|switch|p1a: Dialga|Dialga, L73|250/266\n|-activate|p1a: Dialga|move: Sticky Web\n|-unboost|p1a: Dialga|spe|1\n|-damage|p1a: Dialga|234/266|[from] Stealth Rock\n|-ability|p1a: Dialga|Pressure\n|turn|20\n|\n|t:|1782796282\n|-end|p2a: Walking Wake|Protosynthesis|[silent]\n|switch|p2a: Ting-Lu|Ting-Lu, L78|370/370\n|-ability|p2a: Ting-Lu|Vessel of Ruin\n|move|p1a: Dialga|Dragon Tail|p2a: Ting-Lu\n|-damage|p2a: Ting-Lu|319/370\n|drag|p2a: Cinderace|Cinderace, L77, F|250/250\n|\n|upkeep\n|turn|21\n|\n|t:|1782796288\n|move|p2a: Cinderace|U-turn|p1a: Dialga\n|-start|p2a: Cinderace|typechange|Bug|[from] ability: Libero\n|-resisted|p1a: Dialga\n|-damage|p1a: Dialga|205/266\n|\n|t:|1782796291\n|switch|p2a: Toxapex|Toxapex, L82, M|216/216 brn|[from] U-turn\n|move|p1a: Dialga|Dragon Tail|p2a: Toxapex\n|-crit|p2a: Toxapex\n|-damage|p2a: Toxapex|152/216 brn\n|drag|p2a: Walking Wake|Walking Wake, L79|129/286\n|\n|upkeep\n|turn|22\n|\n|t:|1782796296\n|-end|p2a: Walking Wake|Protosynthesis|[silent]\n|switch|p2a: Toxapex|Toxapex, L82, M|216/216 brn\n|move|p1a: Dialga|Dragon Tail|p2a: Toxapex\n|-damage|p2a: Toxapex|180/216 brn\n|drag|p2a: Ting-Lu|Ting-Lu, L78|319/370\n|-ability|p2a: Ting-Lu|Vessel of Ruin\n|\n|-heal|p2a: Ting-Lu|342/370|[from] item: Leftovers\n|upkeep\n|turn|23\n|\n|t:|1782796312\n|move|p2a: Ting-Lu|Earthquake|p1a: Dialga\n|-supereffective|p1a: Dialga\n|-damage|p1a: Dialga|5/266\n|move|p1a: Dialga|Dragon Tail|p2a: Ting-Lu\n|-damage|p2a: Ting-Lu|294/370\n|drag|p2a: Cinderace|Cinderace, L77, F|250/250\n|\n|upkeep\n|turn|24\n|\n|t:|1782796322\n|move|p2a: Cinderace|U-turn|p1a: Dialga\n|-start|p2a: Cinderace|typechange|Bug|[from] ability: Libero\n|-resisted|p1a: Dialga\n|-damage|p1a: Dialga|0 fnt\n|faint|p1a: Dialga\n|\n|t:|1782796328\n|switch|p2a: Walking Wake|Walking Wake, L79|129/286|[from] U-turn\n|\n|upkeep\n|\n|t:|1782796333\n|switch|p1a: Arcanine|Arcanine, L84, F|206/288\n|-ability|p1a: Arcanine|Intimidate|boost\n|-unboost|p2a: Walking Wake|atk|1\n|turn|25\n|\n|t:|1782796345\n|move|p1a: Arcanine|Extreme Speed|p2a: Walking Wake\n|-damage|p2a: Walking Wake|64/286\n|move|p2a: Walking Wake|Hydro Steam|p1a: Arcanine\n|-supereffective|p1a: Arcanine\n|-damage|p1a: Arcanine|0 fnt\n|faint|p1a: Arcanine\n|-damage|p2a: Walking Wake|36/286|[from] item: Life Orb\n|\n|upkeep\n|\n|t:|1782796349\n|switch|p1a: Spiritomb|Spiritomb, L89, M|69/234 tox\n|-activate|p1a: Spiritomb|move: Sticky Web\n|-unboost|p1a: Spiritomb|spe|1\n|-damage|p1a: Spiritomb|40/234 tox|[from] Stealth Rock\n|turn|26\n|\n|t:|1782796355\n|-end|p2a: Walking Wake|Protosynthesis|[silent]\n|switch|p2a: Ting-Lu|Ting-Lu, L78|294/370\n|-ability|p2a: Ting-Lu|Vessel of Ruin\n|move|p1a: Spiritomb|Sucker Punch||[still]\n|-fail|p1a: Spiritomb\n|\n|-heal|p2a: Ting-Lu|317/370|[from] item: Leftovers\n|-heal|p1a: Spiritomb|54/234 tox|[from] item: Leftovers\n|-damage|p1a: Spiritomb|40/234 tox|[from] psn\n|upkeep\n|turn|27\n|\n|t:|1782796357\n|move|p2a: Ting-Lu|Earthquake|p1a: Spiritomb\n|-damage|p1a: Spiritomb|0 fnt\n|faint|p1a: Spiritomb\n|\n|-heal|p2a: Ting-Lu|340/370|[from] item: Leftovers\n|upkeep\n|\n|t:|1782796360\n|switch|p1a: Volcarona|Volcarona, L77, M|257/257\n|turn|28\n|\n|t:|1782796365\n|switch|p2a: Toxapex|Toxapex, L82, M|216/216 brn\n|move|p1a: Volcarona|Quiver Dance|p1a: Volcarona\n|-boost|p1a: Volcarona|spa|1\n|-boost|p1a: Volcarona|spd|1\n|-boost|p1a: Volcarona|spe|1\n|\n|-damage|p2a: Toxapex|203/216 brn|[from] brn\n|upkeep\n|turn|29\n|\n|t:|1782796372\n|move|p1a: Volcarona|Giga Drain|p2a: Toxapex\n|-damage|p2a: Toxapex|143/216 brn\n|move|p2a: Toxapex|Haze|p2a: Toxapex\n|-clearallboost\n|\n|-damage|p2a: Toxapex|130/216 brn|[from] brn\n|upkeep\n|turn|30\n|\n|t:|1782796377\n|move|p1a: Volcarona|Quiver Dance|p1a: Volcarona\n|-boost|p1a: Volcarona|spa|1\n|-boost|p1a: Volcarona|spd|1\n|-boost|p1a: Volcarona|spe|1\n|move|p2a: Toxapex|Liquidation|p1a: Volcarona\n|-supereffective|p1a: Volcarona\n|-damage|p1a: Volcarona|169/257\n|\n|-damage|p2a: Toxapex|117/216 brn|[from] brn\n|upkeep\n|turn|31\n|\n|t:|1782796382\n|move|p1a: Volcarona|Giga Drain|p2a: Toxapex\n|-damage|p2a: Toxapex|59/216 brn\n|-heal|p1a: Volcarona|198/257|[from] drain|[of] p2a: Toxapex\n|move|p2a: Toxapex|Recover|p2a: Toxapex\n|-heal|p2a: Toxapex|167/216 brn\n|\n|-damage|p2a: Toxapex|154/216 brn|[from] brn\n|upkeep\n|turn|32\n|\n|t:|1782796387\n|move|p1a: Volcarona|Giga Drain|p2a: Toxapex\n|-damage|p2a: Toxapex|90/216 brn\n|-heal|p1a: Volcarona|230/257|[from] drain|[of] p2a: Toxapex\n|move|p2a: Toxapex|Recover|p2a: Toxapex\n|-heal|p2a: Toxapex|198/216 brn\n|\n|-damage|p2a: Toxapex|185/216 brn|[from] brn\n|upkeep\n|turn|33\n|\n|t:|1782796394\n|move|p1a: Volcarona|Giga Drain|p2a: Toxapex\n|-damage|p2a: Toxapex|124/216 brn\n|-heal|p1a: Volcarona|257/257|[from] drain|[of] p2a: Toxapex\n|move|p2a: Toxapex|Haze|p2a: Toxapex\n|-clearallboost\n|\n|-damage|p2a: Toxapex|111/216 brn|[from] brn\n|upkeep\n|turn|34\n|\n|t:|1782796399\n|move|p1a: Volcarona|Quiver Dance|p1a: Volcarona\n|-boost|p1a: Volcarona|spa|1\n|-boost|p1a: Volcarona|spd|1\n|-boost|p1a: Volcarona|spe|1\n|move|p2a: Toxapex|Liquidation|p1a: Volcarona\n|-supereffective|p1a: Volcarona\n|-damage|p1a: Volcarona|167/257\n|\n|-damage|p2a: Toxapex|98/216 brn|[from] brn\n|upkeep\n|turn|35\n|\n|t:|1782796403\n|move|p1a: Volcarona|Giga Drain|p2a: Toxapex\n|-damage|p2a: Toxapex|34/216 brn\n|-heal|p1a: Volcarona|199/257|[from] drain|[of] p2a: Toxapex\n|move|p2a: Toxapex|Recover|p2a: Toxapex\n|-heal|p2a: Toxapex|142/216 brn\n|\n|-damage|p2a: Toxapex|129/216 brn|[from] brn\n|upkeep\n|turn|36\n|\n|t:|1782796410\n|move|p1a: Volcarona|Giga Drain|p2a: Toxapex\n|-damage|p2a: Toxapex|70/216 brn\n|-heal|p1a: Volcarona|229/257|[from] drain|[of] p2a: Toxapex\n|move|p2a: Toxapex|Recover|p2a: Toxapex\n|-heal|p2a: Toxapex|178/216 brn\n|\n|-damage|p2a: Toxapex|165/216 brn|[from] brn\n|upkeep\n|turn|37\n|\n|t:|1782796415\n|move|p1a: Volcarona|Giga Drain|p2a: Toxapex\n|-damage|p2a: Toxapex|102/216 brn\n|-heal|p1a: Volcarona|257/257|[from] drain|[of] p2a: Toxapex\n|move|p2a: Toxapex|Haze|p2a: Toxapex\n|-clearallboost\n|\n|-damage|p2a: Toxapex|89/216 brn|[from] brn\n|upkeep\n|turn|38\n|\n|t:|1782796418\n|switch|p2a: Cinderace|Cinderace, L77, F|250/250\n|move|p1a: Volcarona|Quiver Dance|p1a: Volcarona\n|-boost|p1a: Volcarona|spa|1\n|-boost|p1a: Volcarona|spd|1\n|-boost|p1a: Volcarona|spe|1\n|\n|upkeep\n|turn|39\n|\n|t:|1782796424\n|-terastallize|p1a: Volcarona|Water\n|move|p1a: Volcarona|Tera Blast|p2a: Cinderace|[anim] Tera Blast Water\n|-supereffective|p2a: Cinderace\n|-damage|p2a: Cinderace|0 fnt\n|faint|p2a: Cinderace\n|\n|upkeep\n|\n|t:|1782796445\n|switch|p2a: Toxapex|Toxapex, L82, M|161/216 brn\n|turn|40\n|\n|t:|1782796450\n|switch|p2a: Walking Wake|Walking Wake, L79|36/286\n|move|p1a: Volcarona|Giga Drain|p2a: Walking Wake\n|-damage|p2a: Walking Wake|0 fnt\n|faint|p2a: Walking Wake\n|-end|p2a: Walking Wake|Protosynthesis|[silent]\n|\n|upkeep\n|\n|t:|1782796452\n|switch|p2a: Toxapex|Toxapex, L82, M|216/216 brn\n|turn|41\n|\n|t:|1782796455\n|move|p1a: Volcarona|Giga Drain|p2a: Toxapex\n|-damage|p2a: Toxapex|151/216 brn\n|move|p2a: Toxapex|Haze|p2a: Toxapex\n|-clearallboost\n|\n|-damage|p2a: Toxapex|138/216 brn|[from] brn\n|upkeep\n|turn|42\n|\n|t:|1782796470\n|switch|p2a: Cobalion|Cobalion, L80|277/277\n|move|p1a: Volcarona|Quiver Dance|p1a: Volcarona\n|-boost|p1a: Volcarona|spa|1\n|-boost|p1a: Volcarona|spd|1\n|-boost|p1a: Volcarona|spe|1\n|\n|upkeep\n|turn|43\n|\n|t:|1782796474\n|-terastallize|p2a: Cobalion|Ghost\n|move|p1a: Volcarona|Quiver Dance|p1a: Volcarona\n|-boost|p1a: Volcarona|spa|1\n|-boost|p1a: Volcarona|spd|1\n|-boost|p1a: Volcarona|spe|1\n|move|p2a: Cobalion|Thunder Wave|p1a: Volcarona\n|-status|p1a: Volcarona|par\n|\n|upkeep\n|turn|44\n|\n|t:|1782796483\n|move|p2a: Cobalion|Body Press|p1a: Volcarona\n|-damage|p1a: Volcarona|131/257 par\n|move|p1a: Volcarona|Quiver Dance|p1a: Volcarona\n|-boost|p1a: Volcarona|spa|1\n|-boost|p1a: Volcarona|spd|1\n|-boost|p1a: Volcarona|spe|1\n|\n|upkeep\n|turn|45\n|inactive|BTS fan forevahh has 120 seconds left.\n|inactive|BTS fan forevahh has 90 seconds left.\n|\n|t:|1782796556\n|cant|p1a: Volcarona|par\n|move|p2a: Cobalion|Body Press|p1a: Volcarona\n|-damage|p1a: Volcarona|8/257 par\n|-status|p2a: Cobalion|brn|[from] ability: Flame Body|[of] p1a: Volcarona\n|\n|-damage|p2a: Cobalion|260/277 brn|[from] brn\n|upkeep\n|turn|46\n|\n|t:|1782796567\n|cant|p1a: Volcarona|par\n|move|p2a: Cobalion|Body Press|p1a: Volcarona\n|-damage|p1a: Volcarona|0 fnt\n|faint|p1a: Volcarona\n|\n|win|gholdengoballs\n", "inputlog": ">version f8ac14003a5f27e1bdc8d8c59608a773c1cb96e5\n>start {\"formatid\":\"gen9randombattle\",\"seed\":\"sodium,ba878e9cb2dab3406080713b35e560fd\",\"rated\":\"Rated battle\"}\n>player p1 {\"name\":\"BTS fan forevahh\",\"avatar\":\"169\",\"rating\":2104,\"seed\":\"sodium,95fd44ef064f679a253b5d1a5005a845\"}\n>player p2 {\"name\":\"gholdengoballs\",\"avatar\":\"169\",\"rating\":2209,\"seed\":\"sodium,1b5b52cea1bd830fff966478dd2c936d\"}\n>p1 move flareblitz\n>p2 move stickyweb\n>p1 move extremespeed\n>p2 move thunder\n>p2 switch 6\n>p1 switch 3\n>p2 move sunnyday\n>p1 move dracometeor\n>p2 switch 3\n>p1 switch 6\n>p2 move toxicspikes\n>p1 move psychicfangs\n>p2 switch 2\n>p1 move swordsdance\n>p2 move stealthrock\n>p1 move wavecrash\n>p2 switch 3\n>p1 move psychicfangs\n>p2 move dracometeor\n>p1 switch 4\n>p1 move knockoff\n>p2 switch 2\n>p1 switch 6\n>p2 move toxicspikes\n>p1 move dragontail\n>p2 move recover\n>p1 move dragontail\n>p2 move toxicspikes\n>p1 move dragontail\n>p2 switch 2\n>p1 switch 5\n>p2 switch 4\n>p1 move poltergeist\n>p2 move liquidation\n>p1 move willowisp\n>p2 move liquidation\n>p1 switch 6\n>p2 switch 2\n>p1 move swordsdance\n>p2 move dracometeor\n>p1 switch 5\n>p1 move dragontail\n>p2 switch 3\n>p1 move dragontail\n>p2 move uturn\n>p2 switch 2\n>p1 move dragontail\n>p2 switch 3\n>p1 move dragontail\n>p2 move earthquake\n>p1 move dragontail\n>p2 move uturn\n>p2 switch 3\n>p1 switch 3\n>p1 move extremespeed\n>p2 move hydrosteam\n>p1 switch 6\n>p1 move suckerpunch\n>p2 switch 2\n>p1 move willowisp\n>p2 move earthquake\n>p1 switch 2\n>p1 move quiverdance\n>p2 switch 4\n>p1 move gigadrain\n>p2 move haze\n>p1 move quiverdance\n>p2 move liquidation\n>p1 move gigadrain\n>p2 move recover\n>p1 move gigadrain\n>p2 move recover\n>p1 move gigadrain\n>p2 move haze\n>p1 move quiverdance\n>p2 move liquidation\n>p1 move gigadrain\n>p2 move recover\n>p1 move gigadrain\n>p2 move recover\n>p1 move gigadrain\n>p2 move haze\n>p1 move quiverdance\n>p2 switch 3\n>p1 move terablast terastallize\n>p2 move pyroball\n>p2 switch 3\n>p1 move gigadrain\n>p2 switch 2\n>p2 switch 2\n>p1 move gigadrain\n>p2 move haze\n>p1 move quiverdance\n>p2 switch 5\n>p1 move quiverdance\n>p2 move thunderwave terastallize\n>p1 move quiverdance\n>p2 move bodypress\n>p1 move gigadrain\n>p2 move bodypress\n>p1 move fierydance\n>p2 move bodypress", "uploadtime": 1782796038, "views": 4, "formatid": "gen9randombattle", "rating": null, "private": 0, "password": null, "player_dets": [{"name": "BTS fan forevahh", "avatar": "169", "rating": 2104, "seed": "sodium,95fd44ef064f679a253b5d1a5005a845"}, {"name": "gholdengoballs", "avatar": "169", "rating": 2209, "seed": "sodium,1b5b52cea1bd830fff966478dd2c936d"}], "teams_full": [{"Arcanine": {"name": "Arcanine", "species": "Arcanine", "speciesId": "arcanine", "gender": "F", "shiny": false, "level": 84, "moves": ["flareblitz", "willowisp", "morningsun", "extremespeed"], "ability": "Intimidate", "evs": {"hp": 85, "atk": 85, "def": 85, "spa": 85, "spd": 85, "spe": 85}, "ivs": {"hp": 31, "atk": 31, "def": 31, "spa": 31, "spd": 31, "spe": 31}, "item": "Heavy-Duty Boots", "teraType": "Normal", "role": "Bulky Attacker", "bvs": {"hp": 90, "atk": 110, "def": 80, "spa": 100, "spd": 80, "spe": 95}, "stats": {"hp": 288, "atk": 233, "def": 183, "spa": 216, "spd": 183, "spe": 208}, "types": ["Fire"]}, "Volcarona": {"name": "Volcarona", "species": "Volcarona", "speciesId": "volcarona", "gender": "M", "shiny": false, "level": 77, "moves": ["fierydance", "terablast", "gigadrain", "quiverdance"], "ability": "Flame Body", "evs": {"hp": 85, "atk": 0, "def": 85, "spa": 85, "spd": 85, "spe": 85}, "ivs": {"hp": 31, "atk": 0, "def": 31, "spa": 31, "spd": 31, "spe": 31}, "item": "Heavy-Duty Boots", "teraType": "Water", "role": "Tera Blast user", "bvs": {"hp": 85, "atk": 60, "def": 65, "spa": 135, "spd": 105, "spe": 100}, "stats": {"hp": 257, "atk": 97, "def": 145, "spa": 252, "spd": 206, "spe": 199}, "types": ["Bug", "Fire"]}, "Dialga": {"name": "Dialga", "species": "Dialga", "speciesId": "dialga", "gender": "N", "shiny": false, "level": 73, "moves": ["fireblast", "dragontail", "dracometeor", "heavyslam"], "ability": "Pressure", "evs": {"hp": 85, "atk": 85, "def": 85, "spa": 85, "spd": 85, "spe": 85}, "ivs": {"hp": 31, "atk": 31, "def": 31, "spa": 31, "spd": 31, "spe": 31}, "item": "Assault Vest", "teraType": "Flying", "role": "AV Pivot", "bvs": {"hp": 100, "atk": 120, "def": 120, "spa": 150, "spd": 100, "spe": 90}, "stats": {"hp": 266, "atk": 218, "def": 218, "spa": 261, "spd": 188, "spe": 174}, "types": ["Steel", "Dragon"]}, "Grafaiai": {"name": "Grafaiai", "species": "Grafaiai", "speciesId": "grafaiai", "gender": "M", "shiny": false, "level": 86, "moves": ["knockoff", "lowkick", "gunkshot", "swordsdance"], "ability": "Poison Touch", "evs": {"hp": 85, "atk": 85, "def": 85, "spa": 85, "spd": 85, "spe": 85}, "ivs": {"hp": 31, "atk": 31, "def": 31, "spa": 31, "spd": 31, "spe": 31}, "item": "Life Orb", "teraType": "Dark", "role": "Setup Sweeper", "bvs": {"hp": 63, "atk": 95, "def": 65, "spa": 80, "spd": 72, "spe": 110}, "stats": {"hp": 249, "atk": 213, "def": 161, "spa": 187, "spd": 173, "spe": 238}, "types": ["Poison", "Normal"]}, "Spiritomb": {"name": "Spiritomb", "species": "Spiritomb", "speciesId": "spiritomb", "gender": "M", "shiny": false, "level": 89, "moves": ["foulplay", "poltergeist", "willowisp", "suckerpunch"], "ability": "Infiltrator", "evs": {"hp": 85, "atk": 85, "def": 85, "spa": 85, "spd": 85, "spe": 85}, "ivs": {"hp": 31, "atk": 31, "def": 31, "spa": 31, "spd": 31, "spe": 31}, "item": "Leftovers", "teraType": "Steel", "role": "Bulky Support", "bvs": {"hp": 50, "atk": 92, "def": 108, "spa": 92, "spd": 108, "spe": 35}, "stats": {"hp": 234, "atk": 215, "def": 243, "spa": 215, "spd": 243, "spe": 113}, "types": ["Ghost", "Dark"]}, "Bruxish": {"name": "Bruxish", "species": "Bruxish", "speciesId": "bruxish", "gender": "M", "shiny": false, "level": 85, "moves": ["crunch", "wavecrash", "swordsdance", "psychicfangs"], "ability": "Strong Jaw", "evs": {"hp": 85, "atk": 85, "def": 85, "spa": 85, "spd": 85, "spe": 85}, "ivs": {"hp": 31, "atk": 31, "def": 31, "spa": 31, "spd": 31, "spe": 31}, "item": "Life Orb", "teraType": "Psychic", "role": "Fast Attacker", "bvs": {"hp": 68, "atk": 105, "def": 70, "spa": 70, "spd": 70, "spe": 92}, "stats": {"hp": 254, "atk": 227, "def": 168, "spa": 168, "spd": 168, "spe": 205}, "types": ["Water", "Psychic"]}}, {"Galvantula": {"name": "Galvantula", "species": "Galvantula", "speciesId": "galvantula", "gender": "M", "shiny": false, "level": 82, "moves": ["energyball", "thunder", "stickyweb", "bugbuzz"], "ability": "Compound Eyes", "evs": {"hp": 85, "atk": 0, "def": 85, "spa": 85, "spd": 85, "spe": 85}, "ivs": {"hp": 31, "atk": 0, "def": 31, "spa": 31, "spd": 31, "spe": 31}, "item": "Focus Sash", "teraType": "Electric", "role": "Fast Support", "bvs": {"hp": 70, "atk": 77, "def": 60, "spa": 97, "spd": 60, "spe": 108}, "stats": {"hp": 249, "atk": 131, "def": 146, "spa": 206, "spd": 146, "spe": 224}, "types": ["Bug", "Electric"]}, "Ting-Lu": {"name": "Ting-Lu", "species": "Ting-Lu", "speciesId": "tinglu", "gender": "N", "shiny": false, "level": 78, "moves": ["spikes", "throatchop", "earthquake", "stealthrock"], "ability": "Vessel of Ruin", "evs": {"hp": 85, "atk": 85, "def": 85, "spa": 85, "spd": 85, "spe": 85}, "ivs": {"hp": 31, "atk": 31, "def": 31, "spa": 31, "spd": 31, "spe": 31}, "item": "Leftovers", "teraType": "Ghost", "role": "Bulky Support", "bvs": {"hp": 155, "atk": 110, "def": 125, "spa": 55, "spd": 80, "spe": 45}, "stats": {"hp": 370, "atk": 217, "def": 240, "spa": 131, "spd": 170, "spe": 115}, "types": ["Dark", "Ground"]}, "Toxapex": {"name": "Toxapex", "species": "Toxapex", "speciesId": "toxapex", "gender": "M", "shiny": false, "level": 82, "moves": ["recover", "toxicspikes", "liquidation", "haze"], "ability": "Regenerator", "evs": {"hp": 85, "atk": 85, "def": 85, "spa": 85, "spd": 85, "spe": 85}, "ivs": {"hp": 31, "atk": 31, "def": 31, "spa": 31, "spd": 31, "spe": 31}, "item": "Leftovers", "teraType": "Flying", "role": "Bulky Support", "bvs": {"hp": 50, "atk": 63, "def": 152, "spa": 53, "spd": 142, "spe": 35}, "stats": {"hp": 216, "atk": 150, "def": 296, "spa": 134, "spd": 280, "spe": 105}, "types": ["Poison", "Water"]}, "Cinderace": {"name": "Cinderace", "species": "Cinderace", "speciesId": "cinderace", "gender": "F", "shiny": false, "level": 77, "moves": ["uturn", "pyroball", "willowisp", "courtchange"], "ability": "Libero", "evs": {"hp": 85, "atk": 85, "def": 85, "spa": 85, "spd": 85, "spe": 85}, "ivs": {"hp": 31, "atk": 31, "def": 31, "spa": 31, "spd": 31, "spe": 31}, "item": "Heavy-Duty Boots", "teraType": "Grass", "role": "Fast Support", "bvs": {"hp": 80, "atk": 116, "def": 75, "spa": 65, "spd": 75, "spe": 119}, "stats": {"hp": 250, "atk": 223, "def": 160, "spa": 145, "spd": 160, "spe": 228}, "types": ["Fire"]}, "Cobalion": {"name": "Cobalion", "species": "Cobalion", "speciesId": "cobalion", "gender": "N", "shiny": false, "level": 80, "moves": ["bodypress", "thunderwave", "ironhead", "voltswitch"], "ability": "Justified", "evs": {"hp": 85, "atk": 85, "def": 85, "spa": 85, "spd": 85, "spe": 85}, "ivs": {"hp": 31, "atk": 31, "def": 31, "spa": 31, "spd": 31, "spe": 31}, "item": "Leftovers", "teraType": "Ghost", "role": "Bulky Support", "bvs": {"hp": 91, "atk": 90, "def": 129, "spa": 90, "spd": 72, "spe": 108}, "stats": {"hp": 277, "atk": 190, "def": 253, "spa": 190, "spd": 161, "spe": 219}, "types": ["Steel", "Fighting"]}, "Walking Wake": {"name": "Walking Wake", "species": "Walking Wake", "speciesId": "walkingwake", "gender": "N", "shiny": false, "level": 79, "moves": ["flamethrower", "dracometeor", "hydrosteam", "sunnyday"], "ability": "Protosynthesis", "evs": {"hp": 85, "atk": 0, "def": 85, "spa": 85, "spd": 85, "spe": 85}, "ivs": {"hp": 31, "atk": 0, "def": 31, "spa": 31, "spd": 31, "spe": 31}, "item": "Life Orb", "teraType": "Fire", "role": "Fast Attacker", "bvs": {"hp": 99, "atk": 83, "def": 91, "spa": 125, "spd": 83, "spe": 109}, "stats": {"hp": 286, "atk": 136, "def": 189, "spa": 243, "spd": 177, "spe": 218}, "types": ["Water", "Dragon"]}}]}