{"id": "gen9randombattle-2641618635", "format": "[Gen 9] Random Battle", "players": ["Pigeon Trainer", "notmetbh102"], "log": "|j|\u2606Pigeon Trainer\n|j|\u2606notmetbh102\n|t:|1782819802\n|gametype|singles\n|player|p1|Pigeon Trainer|barry|1926\n|player|p2|notmetbh102|170|2014\n|gen|9\n|tier|[Gen 9] Random Battle\n|rated|\n|rule|Species Clause: Limit one of each Pok\u00e9mon\n|rule|HP Percentage Mod: HP is shown in percentages\n|rule|Sleep Clause Mod: Limit one foe put to sleep\n|rule|Illusion Level Mod: Illusion disguises the Pok\u00e9mon's true level\n|\n|t:|1782819802\n|teamsize|p1|6\n|teamsize|p2|6\n|start\n|switch|p1a: Volbeat|Volbeat, L90, M|263/263\n|switch|p2a: Rotom|Rotom-Wash, L82|216/216\n|turn|1\n|inactive|Battle timer is ON: inactive players will automatically lose when time's up. (requested by notmetbh102)\n|c|\u2606notmetbh102|hf\n|\n|t:|1782819825\n|switch|p1a: Lanturn|Lanturn, L89, F|367/367\n|move|p2a: Rotom|Hydro Pump|p1a: Lanturn\n|-resisted|p1a: Lanturn\n|-damage|p1a: Lanturn|304/367\n|\n|-heal|p1a: Lanturn|326/367|[from] item: Leftovers\n|upkeep\n|turn|2\n|\n|t:|1782819832\n|switch|p2a: Raikou|Raikou, L81|278/278\n|-ability|p2a: Raikou|Pressure\n|move|p1a: Lanturn|Scald|p2a: Raikou\n|-damage|p2a: Raikou|199/278\n|\n|-heal|p2a: Raikou|216/278|[from] item: Leftovers\n|-heal|p1a: Lanturn|348/367|[from] item: Leftovers\n|upkeep\n|turn|3\n|\n|t:|1782819836\n|move|p2a: Raikou|Calm Mind|p2a: Raikou\n|-boost|p2a: Raikou|spa|1\n|-boost|p2a: Raikou|spd|1\n|move|p1a: Lanturn|Scald|p2a: Raikou\n|-damage|p2a: Raikou|162/278\n|-status|p2a: Raikou|brn\n|\n|-heal|p2a: Raikou|179/278 brn|[from] item: Leftovers\n|-heal|p1a: Lanturn|367/367|[from] item: Leftovers\n|-damage|p2a: Raikou|162/278 brn|[from] brn\n|upkeep\n|turn|4\n|\n|t:|1782819840\n|move|p2a: Raikou|Calm Mind|p2a: Raikou\n|-boost|p2a: Raikou|spa|1\n|-boost|p2a: Raikou|spd|1\n|move|p1a: Lanturn|Scald|p2a: Raikou\n|-damage|p2a: Raikou|125/278 brn\n|\n|-heal|p2a: Raikou|142/278 brn|[from] item: Leftovers\n|-damage|p2a: Raikou|125/278 brn|[from] brn\n|upkeep\n|turn|5\n|\n|t:|1782819843\n|move|p2a: Raikou|Scald|p1a: Lanturn\n|-resisted|p1a: Lanturn\n|-damage|p1a: Lanturn|302/367\n|move|p1a: Lanturn|Scald|p2a: Raikou\n|-damage|p2a: Raikou|89/278 brn\n|\n|-heal|p2a: Raikou|106/278 brn|[from] item: Leftovers\n|-heal|p1a: Lanturn|324/367|[from] item: Leftovers\n|-damage|p2a: Raikou|89/278 brn|[from] brn\n|upkeep\n|turn|6\n|\n|t:|1782819847\n|move|p2a: Raikou|Calm Mind|p2a: Raikou\n|-boost|p2a: Raikou|spa|1\n|-boost|p2a: Raikou|spd|1\n|move|p1a: Lanturn|Scald|p2a: Raikou\n|-damage|p2a: Raikou|61/278 brn\n|\n|-heal|p2a: Raikou|78/278 brn|[from] item: Leftovers\n|-heal|p1a: Lanturn|346/367|[from] item: Leftovers\n|-damage|p2a: Raikou|61/278 brn|[from] brn\n|upkeep\n|turn|7\n|\n|t:|1782819849\n|move|p2a: Raikou|Scald|p1a: Lanturn\n|-resisted|p1a: Lanturn\n|-damage|p1a: Lanturn|269/367\n|move|p1a: Lanturn|Scald|p2a: Raikou\n|-damage|p2a: Raikou|30/278 brn\n|\n|-heal|p2a: Raikou|47/278 brn|[from] item: Leftovers\n|-heal|p1a: Lanturn|291/367|[from] item: Leftovers\n|-damage|p2a: Raikou|30/278 brn|[from] brn\n|upkeep\n|turn|8\n|\n|t:|1782819855\n|switch|p2a: Dusknoir|Dusknoir, L89, M|225/225\n|-item|p1a: Lanturn|Leftovers|[from] ability: Frisk|[of] p2a: Dusknoir\n|move|p1a: Lanturn|Scald|p2a: Dusknoir\n|-damage|p2a: Dusknoir|174/225\n|-status|p2a: Dusknoir|brn\n|\n|-heal|p1a: Lanturn|313/367|[from] item: Leftovers\n|-heal|p2a: Dusknoir|188/225 brn|[from] item: Leftovers\n|-damage|p2a: Dusknoir|174/225 brn|[from] brn\n|upkeep\n|turn|9\n|\n|t:|1782819860\n|move|p1a: Lanturn|Thunderbolt|p2a: Dusknoir\n|-damage|p2a: Dusknoir|114/225 brn\n|move|p2a: Dusknoir|Pain Split|p1a: Lanturn\n|-sethp|p1a: Lanturn|213/367|[from] move: Pain Split|[silent]\n|-sethp|p2a: Dusknoir|213/225 brn|[from] move: Pain Split\n|\n|-heal|p1a: Lanturn|235/367|[from] item: Leftovers\n|-heal|p2a: Dusknoir|225/225 brn|[from] item: Leftovers\n|-damage|p2a: Dusknoir|211/225 brn|[from] brn\n|upkeep\n|turn|10\n|\n|t:|1782819867\n|move|p1a: Lanturn|Thunderbolt|p2a: Dusknoir\n|-damage|p2a: Dusknoir|148/225 brn\n|move|p2a: Dusknoir|Substitute|p2a: Dusknoir\n|-start|p2a: Dusknoir|Substitute\n|-damage|p2a: Dusknoir|92/225 brn\n|\n|-heal|p1a: Lanturn|257/367|[from] item: Leftovers\n|-heal|p2a: Dusknoir|106/225 brn|[from] item: Leftovers\n|-damage|p2a: Dusknoir|92/225 brn|[from] brn\n|upkeep\n|turn|11\n|\n|t:|1782819880\n|switch|p1a: Volbeat|Volbeat, L90, M|263/263\n|move|p2a: Dusknoir|Pain Split|p1a: Volbeat\n|-sethp|p1a: Volbeat|177/263|[from] move: Pain Split|[silent]\n|-sethp|p2a: Dusknoir|177/225 brn|[from] move: Pain Split\n|\n|-heal|p2a: Dusknoir|191/225 brn|[from] item: Leftovers\n|-damage|p2a: Dusknoir|177/225 brn|[from] brn\n|upkeep\n|turn|12\n|\n|t:|1782819885\n|move|p1a: Volbeat|Encore|p2a: Dusknoir\n|-start|p2a: Dusknoir|Encore\n|move|p2a: Dusknoir|Pain Split|p1a: Volbeat\n|-sethp|p1a: Volbeat|177/263|[from] move: Pain Split|[silent]\n|-sethp|p2a: Dusknoir|177/225 brn|[from] move: Pain Split\n|\n|-heal|p2a: Dusknoir|191/225 brn|[from] item: Leftovers\n|-damage|p2a: Dusknoir|177/225 brn|[from] brn\n|upkeep\n|turn|13\n|\n|t:|1782819892\n|move|p1a: Volbeat|U-turn|p2a: Dusknoir\n|-resisted|p2a: Dusknoir\n|-activate|p2a: Dusknoir|move: Substitute|[damage]\n|\n|t:|1782819893\n|switch|p1a: Lanturn|Lanturn, L89, F|257/367|[from] U-turn\n|move|p2a: Dusknoir|Pain Split|p1a: Lanturn\n|-sethp|p1a: Lanturn|217/367|[from] move: Pain Split|[silent]\n|-sethp|p2a: Dusknoir|217/225 brn|[from] move: Pain Split\n|\n|-heal|p1a: Lanturn|239/367|[from] item: Leftovers\n|-heal|p2a: Dusknoir|225/225 brn|[from] item: Leftovers\n|-damage|p2a: Dusknoir|211/225 brn|[from] brn\n|upkeep\n|turn|14\n|\n|t:|1782819896\n|move|p1a: Lanturn|Thunderbolt|p2a: Dusknoir\n|-end|p2a: Dusknoir|Substitute\n|move|p2a: Dusknoir|Pain Split|p1a: Lanturn\n|-sethp|p1a: Lanturn|225/367|[from] move: Pain Split|[silent]\n|-sethp|p2a: Dusknoir|225/225 brn|[from] move: Pain Split\n|\n|-heal|p1a: Lanturn|247/367|[from] item: Leftovers\n|-damage|p2a: Dusknoir|211/225 brn|[from] brn\n|-end|p2a: Dusknoir|Encore\n|upkeep\n|turn|15\n|\n|t:|1782819902\n|switch|p1a: Volbeat|Volbeat, L90, M|177/263\n|move|p2a: Dusknoir|Substitute|p2a: Dusknoir\n|-start|p2a: Dusknoir|Substitute\n|-damage|p2a: Dusknoir|155/225 brn\n|\n|-heal|p2a: Dusknoir|169/225 brn|[from] item: Leftovers\n|-damage|p2a: Dusknoir|155/225 brn|[from] brn\n|upkeep\n|turn|16\n|\n|t:|1782819905\n|switch|p2a: Noivern|Noivern, L82, F|274/274\n|move|p1a: Volbeat|Encore||[still]\n|-fail|p1a: Volbeat\n|\n|upkeep\n|turn|17\n|\n|t:|1782819907\n|move|p1a: Volbeat|Thunder Wave|p2a: Noivern\n|-status|p2a: Noivern|par\n|move|p2a: Noivern|Boomburst|p1a: Volbeat\n|-damage|p1a: Volbeat|36/263\n|\n|upkeep\n|turn|18\n|\n|t:|1782819916\n|switch|p1a: Chandelure|Chandelure, L83, M|235/235\n|move|p2a: Noivern|Boomburst|p1a: Chandelure\n|-immune|p1a: Chandelure\n|\n|upkeep\n|turn|19\n|\n|t:|1782819921\n|switch|p2a: Rotom|Rotom-Wash, L82|216/216\n|move|p1a: Chandelure|Energy Ball|p2a: Rotom\n|-supereffective|p2a: Rotom\n|-damage|p2a: Rotom|54/216\n|\n|-heal|p2a: Rotom|67/216|[from] item: Leftovers\n|upkeep\n|turn|20\n|\n|t:|1782819924\n|switch|p2a: Munkidori|Munkidori, L79, M|269/269\n|move|p1a: Chandelure|Energy Ball|p2a: Munkidori\n|-resisted|p2a: Munkidori\n|-damage|p2a: Munkidori|239/269\n|\n|upkeep\n|turn|21\n|\n|t:|1782819942\n|switch|p1a: Kricketune|Kricketune, L99, M|312/312\n|move|p2a: Munkidori|Psychic Noise|p1a: Kricketune\n|-damage|p1a: Kricketune|206/312\n|-start|p1a: Kricketune|move: Heal Block\n|\n|upkeep\n|turn|22\n|\n|t:|1782819947\n|move|p2a: Munkidori|Sludge Wave|p1a: Kricketune\n|-damage|p1a: Kricketune|59/312\n|-status|p1a: Kricketune|tox|[from] ability: Toxic Chain|[of] p2a: Munkidori\n|move|p1a: Kricketune|Knock Off|p2a: Munkidori\n|-supereffective|p2a: Munkidori\n|-damage|p2a: Munkidori|9/269\n|-enditem|p2a: Munkidori|Assault Vest|[from] move: Knock Off|[of] p1a: Kricketune\n|\n|-damage|p1a: Kricketune|40/312 tox|[from] psn\n|-end|p1a: Kricketune|move: Heal Block\n|upkeep\n|turn|23\n|\n|t:|1782819951\n|move|p2a: Munkidori|U-turn|p1a: Kricketune\n|-damage|p1a: Kricketune|0 fnt\n|faint|p1a: Kricketune\n|\n|t:|1782819951\n|switch|p2a: Flutter Mane|Flutter Mane, L74|203/203|[from] U-turn\n|\n|upkeep\n|\n|t:|1782819960\n|switch|p1a: Chandelure|Chandelure, L83, M|235/235\n|turn|24\n|\n|t:|1782819969\n|move|p1a: Chandelure|Shadow Ball|p2a: Flutter Mane\n|-supereffective|p2a: Flutter Mane\n|-damage|p2a: Flutter Mane|21/203\n|move|p2a: Flutter Mane|Shadow Ball|p1a: Chandelure\n|-supereffective|p1a: Chandelure\n|-damage|p1a: Chandelure|0 fnt\n|faint|p1a: Chandelure\n|-damage|p2a: Flutter Mane|1/203|[from] item: Life Orb\n|\n|upkeep\n|\n|t:|1782819983\n|switch|p1a: Volbeat|Volbeat, L90, M|36/263\n|turn|25\n|\n|t:|1782819986\n|move|p2a: Flutter Mane|Moonblast|p1a: Volbeat\n|-damage|p1a: Volbeat|0 fnt\n|faint|p1a: Volbeat\n|-damage|p2a: Flutter Mane|0 fnt|[from] item: Life Orb\n|faint|p2a: Flutter Mane\n|-end|p2a: Flutter Mane|Protosynthesis|[silent]\n|\n|upkeep\n|\n|t:|1782819995\n|switch|p2a: Munkidori|Munkidori, L79, M|9/269\n|switch|p1a: Zarude|Zarude, L77|288/288\n|turn|26\n|\n|t:|1782820014\n|move|p2a: Munkidori|Sludge Wave|p1a: Zarude\n|-supereffective|p1a: Zarude\n|-damage|p1a: Zarude|64/288\n|-status|p1a: Zarude|tox|[from] ability: Toxic Chain|[of] p2a: Munkidori\n|move|p1a: Zarude|U-turn|p2a: Munkidori\n|-damage|p2a: Munkidori|0 fnt\n|faint|p2a: Munkidori\n|\n|t:|1782820020\n|switch|p1a: Lanturn|Lanturn, L89, F|247/367|[from] U-turn\n|\n|-heal|p1a: Lanturn|269/367|[from] item: Leftovers\n|upkeep\n|\n|t:|1782820021\n|switch|p2a: Dusknoir|Dusknoir, L89, M|155/225 brn\n|-item|p1a: Lanturn|Leftovers|[from] ability: Frisk|[of] p2a: Dusknoir\n|turn|27\n|\n|t:|1782820035\n|move|p1a: Lanturn|Thunderbolt|p2a: Dusknoir\n|-damage|p2a: Dusknoir|94/225 brn\n|move|p2a: Dusknoir|Substitute|p2a: Dusknoir\n|-start|p2a: Dusknoir|Substitute\n|-damage|p2a: Dusknoir|38/225 brn\n|\n|-heal|p1a: Lanturn|291/367|[from] item: Leftovers\n|-heal|p2a: Dusknoir|52/225 brn|[from] item: Leftovers\n|-damage|p2a: Dusknoir|38/225 brn|[from] brn\n|upkeep\n|turn|28\n|\n|t:|1782820038\n|move|p1a: Lanturn|Thunderbolt|p2a: Dusknoir\n|-end|p2a: Dusknoir|Substitute\n|move|p2a: Dusknoir|Pain Split|p1a: Lanturn\n|-sethp|p1a: Lanturn|164/367|[from] move: Pain Split|[silent]\n|-sethp|p2a: Dusknoir|164/225 brn|[from] move: Pain Split\n|\n|-heal|p1a: Lanturn|186/367|[from] item: Leftovers\n|-heal|p2a: Dusknoir|178/225 brn|[from] item: Leftovers\n|-damage|p2a: Dusknoir|164/225 brn|[from] brn\n|upkeep\n|turn|29\n|\n|t:|1782820040\n|move|p1a: Lanturn|Thunderbolt|p2a: Dusknoir\n|-damage|p2a: Dusknoir|104/225 brn\n|move|p2a: Dusknoir|Pain Split|p1a: Lanturn\n|-sethp|p1a: Lanturn|145/367|[from] move: Pain Split|[silent]\n|-sethp|p2a: Dusknoir|145/225 brn|[from] move: Pain Split\n|\n|-heal|p1a: Lanturn|167/367|[from] item: Leftovers\n|-heal|p2a: Dusknoir|159/225 brn|[from] item: Leftovers\n|-damage|p2a: Dusknoir|145/225 brn|[from] brn\n|upkeep\n|turn|30\n|\n|t:|1782820047\n|move|p1a: Lanturn|Thunderbolt|p2a: Dusknoir\n|-damage|p2a: Dusknoir|85/225 brn\n|move|p2a: Dusknoir|Pain Split|p1a: Lanturn\n|-sethp|p1a: Lanturn|126/367|[from] move: Pain Split|[silent]\n|-sethp|p2a: Dusknoir|126/225 brn|[from] move: Pain Split\n|\n|-heal|p1a: Lanturn|148/367|[from] item: Leftovers\n|-heal|p2a: Dusknoir|140/225 brn|[from] item: Leftovers\n|-damage|p2a: Dusknoir|126/225 brn|[from] brn\n|upkeep\n|turn|31\n|\n|t:|1782820050\n|switch|p1a: Zarude|Zarude, L77|64/288 tox\n|move|p2a: Dusknoir|Poltergeist|p1a: Zarude\n|-activate|p1a: Zarude|move: Poltergeist|Choice Band\n|-resisted|p1a: Zarude\n|-damage|p1a: Zarude|31/288 tox\n|\n|-heal|p2a: Dusknoir|140/225 brn|[from] item: Leftovers\n|-damage|p1a: Zarude|13/288 tox|[from] psn\n|-damage|p2a: Dusknoir|126/225 brn|[from] brn\n|upkeep\n|turn|32\n|\n|t:|1782820058\n|move|p1a: Zarude|Knock Off|p2a: Dusknoir\n|-supereffective|p2a: Dusknoir\n|-damage|p2a: Dusknoir|0 fnt\n|-enditem|p2a: Dusknoir|Leftovers|[from] move: Knock Off|[of] p1a: Zarude\n|faint|p2a: Dusknoir\n|\n|-damage|p1a: Zarude|0 fnt|[from] psn\n|faint|p1a: Zarude\n|upkeep\n|\n|t:|1782820065\n|switch|p1a: Dunsparce|Dunsparce, L86, F|312/312\n|switch|p2a: Noivern|Noivern, L82, F|274/274 par\n|turn|33\n|\n|t:|1782820070\n|move|p1a: Dunsparce|Coil|p1a: Dunsparce\n|-boost|p1a: Dunsparce|atk|1\n|-boost|p1a: Dunsparce|def|1\n|-boost|p1a: Dunsparce|accuracy|1\n|move|p2a: Noivern|Boomburst|p1a: Dunsparce\n|-damage|p1a: Dunsparce|198/312\n|\n|upkeep\n|turn|34\n|\n|t:|1782820077\n|move|p1a: Dunsparce|Roost|p1a: Dunsparce\n|-heal|p1a: Dunsparce|312/312\n|-singleturn|p1a: Dunsparce|move: Roost\n|move|p2a: Noivern|Boomburst|p1a: Dunsparce\n|-damage|p1a: Dunsparce|197/312\n|\n|upkeep\n|turn|35\n|\n|t:|1782820083\n|move|p1a: Dunsparce|Body Slam|p2a: Noivern\n|-damage|p2a: Noivern|147/274 par\n|cant|p2a: Noivern|par\n|\n|upkeep\n|turn|36\n|\n|t:|1782820088\n|-terastallize|p2a: Noivern|Normal\n|move|p1a: Dunsparce|Body Slam|p2a: Noivern\n|-damage|p2a: Noivern|23/274 par\n|move|p2a: Noivern|Boomburst|p1a: Dunsparce\n|-damage|p1a: Dunsparce|19/312\n|\n|upkeep\n|turn|37\n|\n|t:|1782820107\n|switch|p2a: Rotom|Rotom-Wash, L82|67/216\n|move|p1a: Dunsparce|Body Slam|p2a: Rotom\n|-damage|p2a: Rotom|0 fnt\n|faint|p2a: Rotom\n|\n|upkeep\n|\n|t:|1782820108\n|switch|p2a: Raikou|Raikou, L81|30/278 brn\n|-ability|p2a: Raikou|Pressure\n|turn|38\n|\n|t:|1782820113\n|switch|p1a: Lanturn|Lanturn, L89, F|148/367\n|move|p2a: Raikou|Scald|p1a: Lanturn\n|-resisted|p1a: Lanturn\n|-damage|p1a: Lanturn|118/367\n|\n|-heal|p2a: Raikou|47/278 brn|[from] item: Leftovers\n|-heal|p1a: Lanturn|140/367|[from] item: Leftovers\n|-damage|p2a: Raikou|30/278 brn|[from] brn\n|upkeep\n|turn|39\n|\n|t:|1782820117\n|switch|p2a: Noivern|Noivern, L82, F, tera:Normal|23/274 par\n|move|p1a: Lanturn|Scald|p2a: Noivern\n|-damage|p2a: Noivern|0 fnt\n|faint|p2a: Noivern\n|\n|-heal|p1a: Lanturn|162/367|[from] item: Leftovers\n|upkeep\n|\n|t:|1782820118\n|switch|p2a: Raikou|Raikou, L81|30/278 brn\n|-ability|p2a: Raikou|Pressure\n|turn|40\n|\n|t:|1782820119\n|move|p2a: Raikou|Thunderbolt|p1a: Lanturn\n|-heal|p1a: Lanturn|253/367|[from] ability: Volt Absorb|[of] p2a: Raikou\n|move|p1a: Lanturn|Scald|p2a: Raikou\n|-damage|p2a: Raikou|0 fnt\n|faint|p2a: Raikou\n|\n|win|Pigeon Trainer\n|raw|Pigeon Trainer's rating: 1926 &rarr; <strong>1951</strong><br />(+25 for winning)\n|raw|notmetbh102's rating: 2014 &rarr; <strong>1989</strong><br />(-25 for losing)\n|c|\u2606notmetbh102|gg\n", "inputlog": ">version f8ac14003a5f27e1bdc8d8c59608a773c1cb96e5\n>start {\"formatid\":\"gen9randombattle\",\"seed\":\"sodium,209d2c87ca84da21c60cc7e6c822a03b\",\"rated\":\"Rated battle\"}\n>player p1 {\"name\":\"Pigeon Trainer\",\"avatar\":\"barry\",\"rating\":1926,\"seed\":\"sodium,9228106f227cb194898a8148a54e86ea\"}\n>player p2 {\"name\":\"notmetbh102\",\"avatar\":\"170\",\"rating\":2014,\"seed\":\"sodium,46554b5593001938d00ea9f3cbcc069e\"}\n>chat \u2606notmetbh102|hf\n>p1 switch 4\n>p2 move hydropump\n>p1 move scald\n>p2 switch 2\n>p1 move scald\n>p2 move calmmind\n>p1 move scald\n>p2 move calmmind\n>p1 move scald\n>p2 move scald\n>p1 move scald\n>p2 move calmmind\n>p1 move scald\n>p2 move scald\n>p1 move scald\n>p2 switch 3\n>p1 move thunderbolt\n>p2 move painsplit\n>p1 move thunderbolt\n>p2 move substitute\n>p1 switch 4\n>p2 move painsplit\n>p1 move encore\n>p2 move poltergeist\n>p1 move uturn\n>p2 move painsplit\n>p1 switch 4\n>p1 move thunderbolt\n>p2 move painsplit\n>p1 switch 4\n>p2 move substitute\n>p1 move encore\n>p2 switch 5\n>p1 move thunderwave\n>p2 move boomburst\n>p1 switch 2\n>p2 move boomburst\n>p1 move energyball\n>p2 switch 2\n>p1 move energyball\n>p2 switch 4\n>p1 switch 6\n>p2 move psychicnoise\n>p1 move knockoff\n>p2 move sludgewave\n>p1 move stickyweb\n>p2 move uturn\n>p2 switch 6\n>p1 switch 6\n>p1 move shadowball\n>p2 move shadowball\n>p1 switch 2\n>p1 move uturn\n>p2 move moonblast\n>p1 switch 3\n>p2 switch 6\n>p1 move uturn\n>p2 move sludgewave\n>p1 switch 4\n>p2 switch 5\n>p1 move thunderbolt\n>p2 move substitute\n>p1 move thunderbolt\n>p2 move painsplit\n>p1 move thunderbolt\n>p2 move painsplit\n>p1 move thunderbolt\n>p2 move painsplit\n>p1 switch 4\n>p2 move poltergeist\n>p1 move knockoff\n>p2 move substitute\n>p1 switch 5\n>p2 switch 2\n>p1 move coil\n>p2 move boomburst\n>p1 move roost\n>p2 move boomburst\n>p1 move bodyslam\n>p2 move boomburst\n>p1 move bodyslam\n>p2 move boomburst terastallize\n>p1 move bodyslam\n>p2 switch 4\n>p2 switch 3\n>p1 switch 4\n>p2 move scald\n>p1 move scald\n>p2 switch 4\n>p2 switch 4\n>p1 move scald\n>p2 move thunderbolt", "uploadtime": 1782819803, "views": 4, "formatid": "gen9randombattle", "rating": 1951, "private": 0, "password": null, "player_dets": [{"name": "Pigeon Trainer", "avatar": "barry", "rating": 1926, "seed": "sodium,9228106f227cb194898a8148a54e86ea"}, {"name": "notmetbh102", "avatar": "170", "rating": 2014, "seed": "sodium,46554b5593001938d00ea9f3cbcc069e"}], "teams_full": [{"Volbeat": {"name": "Volbeat", "species": "Volbeat", "speciesId": "volbeat", "gender": "M", "shiny": false, "level": 90, "moves": ["thunderwave", "encore", "roost", "uturn"], "ability": "Prankster", "evs": {"hp": 85, "atk": 85, "def": 85, "spa": 85, "spd": 85, "spe": 85}, "ivs": {"hp": 31, "atk": 31, "def": 31, "spa": 31, "spd": 31, "spe": 31}, "item": "Heavy-Duty Boots", "teraType": "Steel", "role": "Bulky Support", "bvs": {"hp": 65, "atk": 73, "def": 75, "spa": 47, "spd": 85, "spe": 85}, "stats": {"hp": 263, "atk": 183, "def": 186, "spa": 136, "spd": 204, "spe": 204}, "types": ["Bug"]}, "Chandelure": {"name": "Chandelure", "species": "Chandelure", "speciesId": "chandelure", "gender": "M", "shiny": false, "level": 83, "moves": ["energyball", "trick", "shadowball", "fireblast"], "ability": "Flash Fire", "evs": {"hp": 85, "atk": 0, "def": 85, "spa": 85, "spd": 85, "spe": 85}, "ivs": {"hp": 31, "atk": 0, "def": 31, "spa": 31, "spd": 31, "spe": 31}, "item": "Choice Scarf", "teraType": "Grass", "role": "Fast Attacker", "bvs": {"hp": 60, "atk": 55, "def": 90, "spa": 145, "spd": 90, "spe": 80}, "stats": {"hp": 235, "atk": 96, "def": 197, "spa": 288, "spd": 197, "spe": 180}, "types": ["Ghost", "Fire"]}, "Zarude": {"name": "Zarude", "species": "Zarude", "speciesId": "zarude", "gender": "N", "shiny": false, "level": 77, "moves": ["uturn", "closecombat", "powerwhip", "knockoff"], "ability": "Leaf Guard", "evs": {"hp": 85, "atk": 85, "def": 85, "spa": 85, "spd": 85, "spe": 85}, "ivs": {"hp": 31, "atk": 31, "def": 31, "spa": 31, "spd": 31, "spe": 31}, "item": "Choice Band", "teraType": "Grass", "role": "Fast Attacker", "bvs": {"hp": 105, "atk": 120, "def": 105, "spa": 70, "spd": 95, "spe": 105}, "stats": {"hp": 288, "atk": 229, "def": 206, "spa": 152, "spd": 191, "spe": 206}, "types": ["Dark", "Grass"]}, "Lanturn": {"name": "Lanturn", "species": "Lanturn", "speciesId": "lanturn", "gender": "F", "shiny": false, "level": 89, "moves": ["thunderbolt", "thunderwave", "icebeam", "scald"], "ability": "Volt Absorb", "evs": {"hp": 85, "atk": 0, "def": 85, "spa": 85, "spd": 85, "spe": 85}, "ivs": {"hp": 31, "atk": 0, "def": 31, "spa": 31, "spd": 31, "spe": 31}, "item": "Leftovers", "teraType": "Flying", "role": "Bulky Attacker", "bvs": {"hp": 125, "atk": 58, "def": 58, "spa": 76, "spd": 76, "spe": 67}, "stats": {"hp": 367, "atk": 108, "def": 154, "spa": 186, "spd": 186, "spe": 170}, "types": ["Water", "Electric"]}, "Dunsparce": {"name": "Dunsparce", "species": "Dunsparce", "speciesId": "dunsparce", "gender": "F", "shiny": false, "level": 86, "moves": ["bodyslam", "coil", "earthquake", "roost"], "ability": "Serene Grace", "evs": {"hp": 85, "atk": 85, "def": 85, "spa": 85, "spd": 85, "spe": 85}, "ivs": {"hp": 31, "atk": 31, "def": 31, "spa": 31, "spd": 31, "spe": 31}, "item": "Eviolite", "teraType": "Ground", "role": "Bulky Setup", "bvs": {"hp": 100, "atk": 70, "def": 70, "spa": 65, "spd": 65, "spe": 45}, "stats": {"hp": 312, "atk": 170, "def": 170, "spa": 161, "spd": 161, "spe": 127}, "types": ["Normal"]}, "Kricketune": {"name": "Kricketune", "species": "Kricketune", "speciesId": "kricketune", "gender": "M", "shiny": false, "level": 99, "moves": ["knockoff", "stickyweb", "pounce", "taunt"], "ability": "Technician", "evs": {"hp": 85, "atk": 85, "def": 85, "spa": 85, "spd": 85, "spe": 85}, "ivs": {"hp": 31, "atk": 31, "def": 31, "spa": 31, "spd": 31, "spe": 31}, "item": "Heavy-Duty Boots", "teraType": "Ghost", "role": "Fast Support", "bvs": {"hp": 77, "atk": 85, "def": 51, "spa": 55, "spd": 51, "spe": 65}, "stats": {"hp": 312, "atk": 224, "def": 157, "spa": 165, "spd": 157, "spe": 185}, "types": ["Bug"]}}, {"Rotom": {"name": "Rotom", "species": "Rotom-Wash", "speciesId": "rotomwash", "gender": "N", "shiny": false, "level": 82, "moves": ["thunderbolt", "voltswitch", "hydropump", "willowisp"], "ability": "Levitate", "evs": {"hp": 85, "atk": 0, "def": 85, "spa": 85, "spd": 85, "spe": 85}, "ivs": {"hp": 31, "atk": 0, "def": 31, "spa": 31, "spd": 31, "spe": 31}, "item": "Leftovers", "teraType": "Steel", "role": "Bulky Attacker", "bvs": {"hp": 50, "atk": 65, "def": 107, "spa": 105, "spd": 107, "spe": 86}, "stats": {"hp": 216, "atk": 111, "def": 223, "spa": 219, "spd": 223, "spe": 188}, "types": ["Electric", "Water"]}, "Raikou": {"name": "Raikou", "species": "Raikou", "speciesId": "raikou", "gender": "N", "shiny": false, "level": 81, "moves": ["thunderbolt", "substitute", "calmmind", "scald"], "ability": "Pressure", "evs": {"hp": 85, "atk": 0, "def": 85, "spa": 85, "spd": 85, "spe": 85}, "ivs": {"hp": 31, "atk": 0, "def": 31, "spa": 31, "spd": 31, "spe": 31}, "item": "Leftovers", "teraType": "Grass", "role": "Bulky Setup", "bvs": {"hp": 90, "atk": 85, "def": 75, "spa": 115, "spd": 100, "spe": 115}, "stats": {"hp": 278, "atk": 142, "def": 168, "spa": 233, "spd": 209, "spe": 233}, "types": ["Electric"]}, "Dusknoir": {"name": "Dusknoir", "species": "Dusknoir", "speciesId": "dusknoir", "gender": "M", "shiny": false, "level": 89, "moves": ["focuspunch", "poltergeist", "substitute", "painsplit"], "ability": "Frisk", "evs": {"hp": 85, "atk": 85, "def": 85, "spa": 85, "spd": 85, "spe": 85}, "ivs": {"hp": 31, "atk": 31, "def": 31, "spa": 31, "spd": 31, "spe": 31}, "item": "Leftovers", "teraType": "Fighting", "role": "Bulky Attacker", "bvs": {"hp": 45, "atk": 100, "def": 135, "spa": 65, "spd": 135, "spe": 45}, "stats": {"hp": 225, "atk": 229, "def": 291, "spa": 166, "spd": 291, "spe": 131}, "types": ["Ghost"]}, "Munkidori": {"name": "Munkidori", "species": "Munkidori", "speciesId": "munkidori", "gender": "M", "shiny": false, "level": 79, "moves": ["fakeout", "uturn", "sludgewave", "psychicnoise"], "ability": "Toxic Chain", "evs": {"hp": 85, "atk": 85, "def": 85, "spa": 85, "spd": 85, "spe": 85}, "ivs": {"hp": 31, "atk": 31, "def": 31, "spa": 31, "spd": 31, "spe": 31}, "item": "Assault Vest", "teraType": "Dark", "role": "AV Pivot", "bvs": {"hp": 88, "atk": 75, "def": 66, "spa": 130, "spd": 90, "spe": 106}, "stats": {"hp": 269, "atk": 164, "def": 150, "spa": 251, "spd": 188, "spe": 213}, "types": ["Poison", "Psychic"]}, "Noivern": {"name": "Noivern", "species": "Noivern", "speciesId": "noivern", "gender": "F", "shiny": false, "level": 82, "moves": ["dracometeor", "boomburst", "hurricane", "uturn"], "ability": "Infiltrator", "evs": {"hp": 85, "atk": 85, "def": 85, "spa": 85, "spd": 85, "spe": 85}, "ivs": {"hp": 31, "atk": 31, "def": 31, "spa": 31, "spd": 31, "spe": 31}, "item": "Choice Specs", "teraType": "Normal", "role": "Fast Attacker", "bvs": {"hp": 85, "atk": 70, "def": 80, "spa": 97, "spd": 80, "spe": 123}, "stats": {"hp": 274, "atk": 162, "def": 178, "spa": 206, "spd": 178, "spe": 249}, "types": ["Flying", "Dragon"]}, "Flutter Mane": {"name": "Flutter Mane", "species": "Flutter Mane", "speciesId": "fluttermane", "gender": "N", "shiny": false, "level": 74, "moves": ["calmmind", "shadowball", "thunderbolt", "moonblast"], "ability": "Protosynthesis", "evs": {"hp": 85, "atk": 0, "def": 85, "spa": 85, "spd": 85, "spe": 85}, "ivs": {"hp": 31, "atk": 0, "def": 31, "spa": 31, "spd": 31, "spe": 31}, "item": "Life Orb", "teraType": "Electric", "role": "Setup Sweeper", "bvs": {"hp": 55, "atk": 55, "def": 55, "spa": 135, "spd": 135, "spe": 135}, "stats": {"hp": 203, "atk": 86, "def": 124, "spa": 243, "spd": 243, "spe": 243}, "types": ["Ghost", "Fairy"]}}]}