{"id": "gen9randombattle-2641383497", "format": "[Gen 9] Random Battle", "players": ["Nerdician", "UrMom'sANiceLady"], "log": "|j|\u2606Nerdician\n|j|\u2606UrMom'sANiceLady\n|t:|1782776477\n|gametype|singles\n|player|p1|Nerdician|265|1913\n|player|p2|UrMom'sANiceLady|dahlia|1905\n|gen|9\n|tier|[Gen 9] Random Battle\n|rated|\n|rule|Species Clause: Limit one of each Pok\u00e9mon\n|rule|HP Percentage Mod: HP is shown in percentages\n|rule|Sleep Clause Mod: Limit one foe put to sleep\n|rule|Illusion Level Mod: Illusion disguises the Pok\u00e9mon's true level\n|\n|t:|1782776477\n|teamsize|p1|6\n|teamsize|p2|6\n|start\n|switch|p1a: Brambleghast|Brambleghast, L88, M|240/240\n|switch|p2a: Chimecho|Chimecho, L93, F|290/290\n|turn|1\n|inactive|Battle timer is ON: inactive players will automatically lose when time's up. (requested by UrMom'sANiceLady)\n|\n|t:|1782776492\n|move|p1a: Brambleghast|Spikes|p2a: Chimecho\n|-sidestart|p2: UrMom'sANiceLady|Spikes\n|move|p2a: Chimecho|Knock Off|p1a: Brambleghast\n|-supereffective|p1a: Brambleghast\n|-damage|p1a: Brambleghast|116/240\n|-enditem|p1a: Brambleghast|Heavy-Duty Boots|[from] move: Knock Off|[of] p2a: Chimecho\n|\n|upkeep\n|turn|2\n|\n|t:|1782776500\n|switch|p1a: Wo-Chien|Wo-Chien, L83|277/277\n|-ability|p1a: Wo-Chien|Tablets of Ruin\n|switch|p2a: Mandibuzz|Mandibuzz, L85, F|326/326\n|\n|upkeep\n|turn|3\n|\n|t:|1782776509\n|move|p2a: Mandibuzz|Toxic|p1a: Wo-Chien\n|-status|p1a: Wo-Chien|tox\n|move|p1a: Wo-Chien|Leech Seed|p2a: Mandibuzz\n|-start|p2a: Mandibuzz|move: Leech Seed\n|\n|-damage|p2a: Mandibuzz|286/326|[from] Leech Seed|[of] p1a: Wo-Chien\n|-damage|p1a: Wo-Chien|260/277 tox|[from] psn\n|upkeep\n|turn|4\n|\n|t:|1782776518\n|switch|p2a: Cryogonal|Cryogonal, L89|287/287\n|switch|p1a: Lycanroc|Lycanroc-Midnight, L89, M|296/296\n|\n|upkeep\n|turn|5\n|\n|t:|1782776524\n|switch|p2a: Groudon|Groudon, L72|263/263\n|-damage|p2a: Groudon|231/263|[from] Spikes\n|-weather|SunnyDay|[from] ability: Drought|[of] p2a: Groudon\n|move|p1a: Lycanroc|Stone Edge|p2a: Groudon\n|-resisted|p2a: Groudon\n|-damage|p2a: Groudon|162/263\n|-damage|p1a: Lycanroc|267/296|[from] item: Life Orb\n|\n|-weather|SunnyDay|[upkeep]\n|-heal|p2a: Groudon|178/263|[from] item: Leftovers\n|upkeep\n|turn|6\n|\n|t:|1782776531\n|switch|p1a: Donphan|Donphan, L84, F|288/288\n|move|p2a: Groudon|Stealth Rock|p1a: Donphan\n|-sidestart|p1: Nerdician|move: Stealth Rock\n|\n|-weather|SunnyDay|[upkeep]\n|-heal|p2a: Groudon|194/263|[from] item: Leftovers\n|upkeep\n|turn|7\n|\n|t:|1782776538\n|move|p2a: Groudon|Heat Crash|p1a: Donphan\n|-damage|p1a: Donphan|174/288\n|move|p1a: Donphan|Stealth Rock|p2a: Groudon\n|-sidestart|p2: UrMom'sANiceLady|move: Stealth Rock\n|\n|-weather|SunnyDay|[upkeep]\n|-heal|p2a: Groudon|210/263|[from] item: Leftovers\n|-heal|p1a: Donphan|192/288|[from] item: Leftovers\n|upkeep\n|turn|8\n|\n|t:|1782776542\n|switch|p2a: Cryogonal|Cryogonal, L89|287/287\n|move|p1a: Donphan|Ice Spinner|p2a: Cryogonal\n|-resisted|p2a: Cryogonal\n|-damage|p2a: Cryogonal|240/287\n|\n|-weather|SunnyDay|[upkeep]\n|-heal|p1a: Donphan|210/288|[from] item: Leftovers\n|upkeep\n|turn|9\n|\n|t:|1782776545\n|switch|p1a: Brambleghast|Brambleghast, L88, M|116/240\n|-damage|p1a: Brambleghast|86/240|[from] Stealth Rock\n|move|p2a: Cryogonal|Rapid Spin|p1a: Brambleghast\n|-immune|p1a: Brambleghast\n|\n|-weather|none\n|upkeep\n|turn|10\n|\n|t:|1782776550\n|switch|p1a: Forretress|Forretress, L84, F|263/263\n|-damage|p1a: Forretress|231/263|[from] Stealth Rock\n|move|p2a: Cryogonal|Freeze-Dry|p1a: Forretress\n|-resisted|p1a: Forretress\n|-damage|p1a: Forretress|176/263\n|-status|p1a: Forretress|frz\n|\n|-heal|p1a: Forretress|192/263 frz|[from] item: Leftovers\n|upkeep\n|turn|11\n|\n|t:|1782776553\n|move|p2a: Cryogonal|Rapid Spin|p1a: Forretress\n|-resisted|p1a: Forretress\n|-damage|p1a: Forretress|183/263 frz\n|-boost|p2a: Cryogonal|spe|1\n|-sideend|p2: UrMom'sANiceLady|Spikes|[from] move: Rapid Spin|[of] p2a: Cryogonal\n|-sideend|p2: UrMom'sANiceLady|Stealth Rock|[from] move: Rapid Spin|[of] p2a: Cryogonal\n|cant|p1a: Forretress|frz\n|\n|-heal|p1a: Forretress|199/263 frz|[from] item: Leftovers\n|upkeep\n|turn|12\n|\n|t:|1782776556\n|switch|p2a: Groudon|Groudon, L72|210/263\n|-weather|SunnyDay|[from] ability: Drought|[of] p2a: Groudon\n|-curestatus|p1a: Forretress|frz|[msg]\n|move|p1a: Forretress|Spikes|p2a: Groudon\n|-sidestart|p2: UrMom'sANiceLady|Spikes\n|\n|-weather|SunnyDay|[upkeep]\n|-heal|p2a: Groudon|226/263|[from] item: Leftovers\n|-heal|p1a: Forretress|215/263|[from] item: Leftovers\n|upkeep\n|turn|13\n|\n|t:|1782776564\n|switch|p1a: Donphan|Donphan, L84, F|210/288\n|-damage|p1a: Donphan|192/288|[from] Stealth Rock\n|move|p2a: Groudon|Heat Crash|p1a: Donphan\n|-damage|p1a: Donphan|78/288\n|\n|-weather|SunnyDay|[upkeep]\n|-heal|p2a: Groudon|242/263|[from] item: Leftovers\n|-heal|p1a: Donphan|96/288|[from] item: Leftovers\n|upkeep\n|turn|14\n|\n|t:|1782776568\n|move|p1a: Donphan|Ice Shard|p2a: Groudon\n|-supereffective|p2a: Groudon\n|-damage|p2a: Groudon|186/263\n|move|p2a: Groudon|Heat Crash|p1a: Donphan\n|-damage|p1a: Donphan|0 fnt\n|faint|p1a: Donphan\n|\n|-weather|SunnyDay|[upkeep]\n|-heal|p2a: Groudon|202/263|[from] item: Leftovers\n|upkeep\n|\n|t:|1782776571\n|switch|p1a: Brambleghast|Brambleghast, L88, M|86/240\n|-damage|p1a: Brambleghast|56/240|[from] Stealth Rock\n|turn|15\n|\n|t:|1782776574\n|switch|p2a: Mandibuzz|Mandibuzz, L85, F|286/326\n|move|p1a: Brambleghast|Rapid Spin|p2a: Mandibuzz\n|-damage|p2a: Mandibuzz|249/326\n|-boost|p1a: Brambleghast|spe|1\n|-sideend|p1: Nerdician|Stealth Rock|[from] move: Rapid Spin|[of] p1a: Brambleghast\n|\n|-weather|SunnyDay|[upkeep]\n|upkeep\n|turn|16\n|\n|t:|1782776580\n|switch|p1a: Lycanroc|Lycanroc-Midnight, L89, M|267/296\n|move|p2a: Mandibuzz|Knock Off|p1a: Lycanroc\n|-damage|p1a: Lycanroc|186/296\n|-enditem|p1a: Lycanroc|Life Orb|[from] move: Knock Off|[of] p2a: Mandibuzz\n|\n|-weather|none\n|upkeep\n|turn|17\n|\n|t:|1782776586\n|switch|p2a: Groudon|Groudon, L72|202/263\n|-damage|p2a: Groudon|170/263|[from] Spikes\n|-weather|SunnyDay|[from] ability: Drought|[of] p2a: Groudon\n|move|p1a: Lycanroc|Close Combat|p2a: Groudon\n|-damage|p2a: Groudon|86/263\n|-unboost|p1a: Lycanroc|def|1\n|-unboost|p1a: Lycanroc|spd|1\n|\n|-weather|SunnyDay|[upkeep]\n|-heal|p2a: Groudon|102/263|[from] item: Leftovers\n|upkeep\n|turn|18\n|\n|t:|1782776592\n|-terastallize|p1a: Lycanroc|Fighting\n|move|p1a: Lycanroc|Close Combat|p2a: Groudon\n|-damage|p2a: Groudon|0 fnt\n|-unboost|p1a: Lycanroc|def|1\n|-unboost|p1a: Lycanroc|spd|1\n|faint|p2a: Groudon\n|\n|-weather|SunnyDay|[upkeep]\n|upkeep\n|\n|t:|1782776594\n|switch|p2a: Cryogonal|Cryogonal, L89|240/287\n|turn|19\n|\n|t:|1782776598\n|switch|p1a: Brambleghast|Brambleghast, L88, M|56/240\n|move|p2a: Cryogonal|Freeze-Dry|p1a: Brambleghast\n|-supereffective|p1a: Brambleghast\n|-damage|p1a: Brambleghast|0 fnt\n|faint|p1a: Brambleghast\n|\n|-weather|SunnyDay|[upkeep]\n|upkeep\n|\n|t:|1782776600\n|switch|p1a: Forretress|Forretress, L84, F|215/263\n|turn|20\n|\n|t:|1782776604\n|move|p2a: Cryogonal|Rapid Spin|p1a: Forretress\n|-resisted|p1a: Forretress\n|-damage|p1a: Forretress|207/263\n|-boost|p2a: Cryogonal|spe|1\n|-sideend|p2: UrMom'sANiceLady|Spikes|[from] move: Rapid Spin|[of] p2a: Cryogonal\n|move|p1a: Forretress|Iron Head|p2a: Cryogonal\n|-supereffective|p2a: Cryogonal\n|-damage|p2a: Cryogonal|0 fnt\n|faint|p2a: Cryogonal\n|\n|-weather|SunnyDay|[upkeep]\n|-heal|p1a: Forretress|223/263|[from] item: Leftovers\n|upkeep\n|\n|t:|1782776618\n|switch|p2a: Drednaw|Drednaw, L81, M|278/278\n|turn|21\n|\n|t:|1782776621\n|move|p2a: Drednaw|Shell Smash|p2a: Drednaw\n|-unboost|p2a: Drednaw|def|1\n|-unboost|p2a: Drednaw|spd|1\n|-boost|p2a: Drednaw|atk|2\n|-boost|p2a: Drednaw|spa|2\n|-boost|p2a: Drednaw|spe|2\n|-enditem|p2a: Drednaw|White Herb\n|-clearnegativeboost|p2a: Drednaw|[silent]\n|move|p1a: Forretress|Thunder Wave|p2a: Drednaw\n|-status|p2a: Drednaw|par\n|\n|-weather|none\n|-heal|p1a: Forretress|239/263|[from] item: Leftovers\n|upkeep\n|turn|22\n|\n|t:|1782776633\n|switch|p1a: Wo-Chien|Wo-Chien, L83|260/277 tox\n|-ability|p1a: Wo-Chien|Tablets of Ruin\n|cant|p2a: Drednaw|par\n|\n|-heal|p1a: Wo-Chien|277/277 tox|[from] item: Leftovers\n|-damage|p1a: Wo-Chien|260/277 tox|[from] psn\n|upkeep\n|turn|23\n|\n|t:|1782776643\n|move|p2a: Drednaw|Stone Edge|p1a: Wo-Chien\n|-damage|p1a: Wo-Chien|116/277 tox\n|move|p1a: Wo-Chien|Giga Drain|p2a: Drednaw\n|-supereffective|p2a: Drednaw\n|-damage|p2a: Drednaw|0 fnt\n|-heal|p1a: Wo-Chien|255/277 tox|[from] drain|[of] p2a: Drednaw\n|faint|p2a: Drednaw\n|\n|-heal|p1a: Wo-Chien|272/277 tox|[from] item: Leftovers\n|-damage|p1a: Wo-Chien|238/277 tox|[from] psn\n|upkeep\n|\n|t:|1782776646\n|switch|p2a: Mandibuzz|Mandibuzz, L85, F|249/326\n|turn|24\n|\n|t:|1782776648\n|move|p2a: Mandibuzz|Brave Bird|p1a: Wo-Chien\n|-supereffective|p1a: Wo-Chien\n|-damage|p1a: Wo-Chien|110/277 tox\n|-damage|p2a: Mandibuzz|207/326|[from] Recoil\n|move|p1a: Wo-Chien|Leech Seed|p2a: Mandibuzz\n|-start|p2a: Mandibuzz|move: Leech Seed\n|\n|-heal|p1a: Wo-Chien|127/277 tox|[from] item: Leftovers\n|-damage|p2a: Mandibuzz|167/326|[from] Leech Seed|[of] p1a: Wo-Chien\n|-heal|p1a: Wo-Chien|167/277 tox|[silent]\n|-damage|p1a: Wo-Chien|116/277 tox|[from] psn\n|upkeep\n|turn|25\n|\n|t:|1782776652\n|switch|p1a: Forretress|Forretress, L84, F|239/263\n|move|p2a: Mandibuzz|Roost|p2a: Mandibuzz\n|-heal|p2a: Mandibuzz|326/326\n|-singleturn|p2a: Mandibuzz|move: Roost\n|\n|-heal|p1a: Forretress|255/263|[from] item: Leftovers\n|-damage|p2a: Mandibuzz|286/326|[from] Leech Seed|[of] p1a: Forretress\n|-heal|p1a: Forretress|263/263|[silent]\n|upkeep\n|turn|26\n|\n|t:|1782776658\n|switch|p2a: Chimecho|Chimecho, L93, F|290/290\n|move|p1a: Forretress|Thunder Wave|p2a: Chimecho|[miss]\n|-miss|p1a: Forretress|p2a: Chimecho\n|\n|upkeep\n|turn|27\n|\n|t:|1782776663\n|move|p2a: Chimecho|Knock Off|p1a: Forretress\n|-damage|p1a: Forretress|223/263\n|-enditem|p1a: Forretress|Leftovers|[from] move: Knock Off|[of] p2a: Chimecho\n|move|p1a: Forretress|Thunder Wave|p2a: Chimecho\n|-status|p2a: Chimecho|par\n|\n|upkeep\n|turn|28\n|\n|t:|1782776667\n|move|p1a: Forretress|Iron Head|p2a: Chimecho\n|-damage|p2a: Chimecho|206/290 par\n|cant|p2a: Chimecho|par\n|\n|-heal|p2a: Chimecho|224/290 par|[from] item: Leftovers\n|upkeep\n|turn|29\n|\n|t:|1782776674\n|move|p1a: Forretress|Iron Head|p2a: Chimecho\n|-damage|p2a: Chimecho|148/290 par\n|cant|p2a: Chimecho|par\n|\n|-heal|p2a: Chimecho|166/290 par|[from] item: Leftovers\n|upkeep\n|turn|30\n|\n|t:|1782776680\n|switch|p1a: Lycanroc|Lycanroc-Midnight, L89, M, tera:Fighting|186/296\n|cant|p2a: Chimecho|par\n|\n|-heal|p2a: Chimecho|184/290 par|[from] item: Leftovers\n|upkeep\n|turn|31\n|\n|t:|1782776691\n|-terastallize|p2a: Chimecho|Electric\n|move|p1a: Lycanroc|Knock Off|p2a: Chimecho\n|-damage|p2a: Chimecho|102/290 par\n|-enditem|p2a: Chimecho|Leftovers|[from] move: Knock Off|[of] p1a: Lycanroc\n|move|p2a: Chimecho|Psychic Noise|p1a: Lycanroc\n|-supereffective|p1a: Lycanroc\n|-damage|p1a: Lycanroc|0 fnt\n|faint|p1a: Lycanroc\n|\n|upkeep\n|\n|t:|1782776694\n|switch|p1a: Wo-Chien|Wo-Chien, L83|116/277 tox\n|-ability|p1a: Wo-Chien|Tablets of Ruin\n|turn|32\n|\n|t:|1782776698\n|move|p1a: Wo-Chien|Leech Seed|p2a: Chimecho\n|-start|p2a: Chimecho|move: Leech Seed\n|move|p2a: Chimecho|Heal Bell|p2a: Chimecho\n|-activate|p2a: Chimecho|move: Heal Bell\n|-curestatus|p2a: Chimecho|par|[msg]\n|\n|-heal|p1a: Wo-Chien|133/277 tox|[from] item: Leftovers\n|-damage|p2a: Chimecho|66/290|[from] Leech Seed|[of] p1a: Wo-Chien\n|-heal|p1a: Wo-Chien|169/277 tox|[silent]\n|-damage|p1a: Wo-Chien|152/277 tox|[from] psn\n|upkeep\n|turn|33\n|\n|t:|1782776701\n|switch|p2a: Mandibuzz|Mandibuzz, L85, F|286/326\n|move|p1a: Wo-Chien|Giga Drain|p2a: Mandibuzz\n|-resisted|p2a: Mandibuzz\n|-damage|p2a: Mandibuzz|253/326\n|-heal|p1a: Wo-Chien|169/277 tox|[from] drain|[of] p2a: Mandibuzz\n|\n|-heal|p1a: Wo-Chien|186/277 tox|[from] item: Leftovers\n|-damage|p1a: Wo-Chien|152/277 tox|[from] psn\n|upkeep\n|turn|34\n|\n|t:|1782776706\n|move|p2a: Mandibuzz|Brave Bird|p1a: Wo-Chien\n|-supereffective|p1a: Wo-Chien\n|-damage|p1a: Wo-Chien|24/277 tox\n|-damage|p2a: Mandibuzz|211/326|[from] Recoil\n|move|p1a: Wo-Chien|Leech Seed|p2a: Mandibuzz\n|-start|p2a: Mandibuzz|move: Leech Seed\n|\n|-heal|p1a: Wo-Chien|41/277 tox|[from] item: Leftovers\n|-damage|p2a: Mandibuzz|171/326|[from] Leech Seed|[of] p1a: Wo-Chien\n|-heal|p1a: Wo-Chien|81/277 tox|[silent]\n|-damage|p1a: Wo-Chien|30/277 tox|[from] psn\n|upkeep\n|turn|35\n|\n|t:|1782776709\n|switch|p2a: Chimecho|Chimecho, L93, F, tera:Electric|66/290\n|move|p1a: Wo-Chien|Giga Drain|p2a: Chimecho\n|-damage|p2a: Chimecho|0 fnt\n|-heal|p1a: Wo-Chien|63/277 tox|[from] drain|[of] p2a: Chimecho\n|faint|p2a: Chimecho\n|\n|-heal|p1a: Wo-Chien|80/277 tox|[from] item: Leftovers\n|-damage|p1a: Wo-Chien|12/277 tox|[from] psn\n|upkeep\n|\n|t:|1782776712\n|switch|p2a: Mandibuzz|Mandibuzz, L85, F|171/326\n|turn|36\n|\n|t:|1782776713\n|move|p2a: Mandibuzz|Brave Bird|p1a: Wo-Chien\n|-supereffective|p1a: Wo-Chien\n|-damage|p1a: Wo-Chien|0 fnt\n|faint|p1a: Wo-Chien\n|-damage|p2a: Mandibuzz|167/326|[from] Recoil\n|\n|upkeep\n|\n|t:|1782776715\n|switch|p1a: Smeargle|Smeargle, L95, F|258/258\n|turn|37\n|\n|t:|1782776720\n|move|p1a: Smeargle|Spore|p2a: Mandibuzz\n|-immune|p2a: Mandibuzz|[from] ability: Overcoat\n|move|p2a: Mandibuzz|Knock Off|p1a: Smeargle\n|-damage|p1a: Smeargle|134/258\n|-enditem|p1a: Smeargle|Wide Lens|[from] move: Knock Off|[of] p2a: Mandibuzz\n|\n|upkeep\n|turn|38\n|\n|t:|1782776731\n|move|p1a: Smeargle|Population Bomb|p2a: Mandibuzz\n|-damage|p2a: Mandibuzz|154/326\n|-damage|p2a: Mandibuzz|139/326\n|-damage|p2a: Mandibuzz|126/326\n|-damage|p2a: Mandibuzz|110/326\n|-damage|p2a: Mandibuzz|95/326\n|-damage|p2a: Mandibuzz|80/326\n|-damage|p2a: Mandibuzz|64/326\n|-damage|p2a: Mandibuzz|48/326\n|-damage|p2a: Mandibuzz|33/326\n|-damage|p2a: Mandibuzz|17/326\n|-hitcount|p2a: Mandibuzz|10\n|move|p2a: Mandibuzz|Brave Bird|p1a: Smeargle\n|-damage|p1a: Smeargle|0 fnt\n|faint|p1a: Smeargle\n|-damage|p2a: Mandibuzz|0 fnt|[from] Recoil\n|faint|p2a: Mandibuzz\n|\n|upkeep\n|c|\u2606UrMom'sANiceLady|:)\n|\n|t:|1782776742\n|switch|p1a: Forretress|Forretress, L84, F|223/263\n|switch|p2a: Eiscue|Eiscue, L88, M|274/274\n|turn|39\n|\n|t:|1782776749\n|move|p2a: Eiscue|Belly Drum|p2a: Eiscue\n|-damage|p2a: Eiscue|137/274\n|-setboost|p2a: Eiscue|atk|6|[from] move: Belly Drum\n|-enditem|p2a: Eiscue|Sitrus Berry|[eat]\n|-heal|p2a: Eiscue|205/274|[from] item: Sitrus Berry\n|move|p1a: Forretress|Thunder Wave|p2a: Eiscue\n|-status|p2a: Eiscue|par\n|\n|upkeep\n|turn|40\n|\n|t:|1782776753\n|move|p1a: Forretress|Iron Head|p2a: Eiscue\n|-activate|p2a: Eiscue|ability: Ice Face\n|-damage|p2a: Eiscue|205/274 par\n|detailschange|p2a: Eiscue|Eiscue-Noice, L88, M\n|move|p2a: Eiscue|Liquidation|p1a: Forretress\n|-damage|p1a: Forretress|58/263\n|\n|upkeep\n|turn|41\n|\n|t:|1782776760\n|move|p2a: Eiscue|Liquidation|p1a: Forretress\n|-damage|p1a: Forretress|0 fnt\n|faint|p1a: Forretress\n|\n|win|UrMom'sANiceLady\n|raw|Nerdician's rating: 1913 &rarr; <strong>1893</strong><br />(-20 for losing)\n|raw|UrMom&apos;sANiceLady's rating: 1905 &rarr; <strong>1925</strong><br />(+20 for winning)\n|l|\u2606Nerdician\n|player|p1|\n", "inputlog": ">version f8ac14003a5f27e1bdc8d8c59608a773c1cb96e5\n>start {\"formatid\":\"gen9randombattle\",\"seed\":\"sodium,2719e973bce2adbb5f16732e48cc49a0\",\"rated\":\"Rated battle\"}\n>player p1 {\"name\":\"Nerdician\",\"avatar\":\"265\",\"rating\":1913,\"seed\":\"sodium,c374ed62f30ecbc0c19cbd3fb55002f5\"}\n>player p2 {\"name\":\"UrMom'sANiceLady\",\"avatar\":\"dahlia\",\"rating\":1905,\"seed\":\"sodium,c28bac320a3377144d53e39971e5b229\"}\n>p1 move spikes\n>p2 move knockoff\n>p1 switch 6\n>p2 switch 5\n>p1 move leechseed\n>p2 move toxic\n>p1 switch 5\n>p2 switch 4\n>p1 move stoneedge\n>p2 switch 2\n>p1 switch 2\n>p2 move stealthrock\n>p1 move stealthrock\n>p2 move heatcrash\n>p1 move icespinner\n>p2 switch 2\n>p1 switch 6\n>p2 move rapidspin\n>p1 switch 3\n>p2 move freezedry\n>p1 move ironhead\n>p2 move rapidspin\n>p1 move spikes\n>p2 switch 2\n>p1 switch 6\n>p2 move heatcrash\n>p1 move iceshard\n>p2 move heatcrash\n>p1 switch 3\n>p1 move rapidspin\n>p2 switch 4\n>p1 switch 2\n>p2 move knockoff\n>p1 move closecombat\n>p2 switch 4\n>p1 move closecombat terastallize\n>p2 move stealthrock\n>p2 switch 2\n>p1 switch 2\n>p2 move freezedry\n>p1 switch 6\n>p1 move ironhead\n>p2 move rapidspin\n>p2 switch 6\n>p1 move thunderwave\n>p2 move shellsmash\n>p1 switch 5\n>p2 move shellsmash\n>p1 move gigadrain\n>p2 move stoneedge\n>p2 switch 4\n>p1 move leechseed\n>p2 move bravebird\n>p1 switch 5\n>p2 move roost\n>p1 move thunderwave\n>p2 switch 5\n>p1 move thunderwave\n>p2 move knockoff\n>p1 move ironhead\n>p2 move healbell\n>p1 move ironhead\n>p2 move healbell\n>p1 switch 2\n>p2 move healbell\n>p1 move knockoff\n>p2 move psychicnoise terastallize\n>p1 switch 5\n>p1 move leechseed\n>p2 move healbell\n>p1 move gigadrain\n>p2 switch 5\n>p1 move leechseed\n>p2 move bravebird\n>p1 move gigadrain\n>p2 switch 5\n>p2 switch 5\n>p1 move leechseed\n>p2 move bravebird\n>p1 switch 4\n>p1 move spore\n>p2 move knockoff\n>p1 move populationbomb\n>p2 move bravebird\n>chat \u2606UrMom'sANiceLady|:)\n>p1 switch 2\n>p2 switch 3\n>p1 move thunderwave\n>p2 move bellydrum\n>p1 move ironhead\n>p2 move liquidation\n>p1 move ironhead\n>p2 move liquidation", "uploadtime": 1782776768, "views": 5, "formatid": "gen9randombattle", "rating": 1893, "private": 0, "password": null, "player_dets": [{"name": "Nerdician", "avatar": "265", "rating": 1913, "seed": "sodium,c374ed62f30ecbc0c19cbd3fb55002f5"}, {"name": "UrMom'sANiceLady", "avatar": "dahlia", "rating": 1905, "seed": "sodium,c28bac320a3377144d53e39971e5b229"}], "teams_full": [{"Brambleghast": {"name": "Brambleghast", "species": "Brambleghast", "speciesId": "brambleghast", "gender": "M", "shiny": false, "level": 88, "moves": ["poltergeist", "spikes", "powerwhip", "rapidspin"], "ability": "Wind Rider", "evs": {"hp": 85, "atk": 85, "def": 85, "spa": 85, "spd": 85, "spe": 85}, "ivs": {"hp": 31, "atk": 31, "def": 31, "spa": 31, "spd": 31, "spe": 31}, "item": "Heavy-Duty Boots", "teraType": "Fairy", "role": "Fast Support", "bvs": {"hp": 55, "atk": 115, "def": 70, "spa": 80, "spd": 70, "spe": 90}, "stats": {"hp": 240, "atk": 253, "def": 173, "spa": 191, "spd": 173, "spe": 209}, "types": ["Grass", "Ghost"]}, "Donphan": {"name": "Donphan", "species": "Donphan", "speciesId": "donphan", "gender": "F", "shiny": false, "level": 84, "moves": ["stealthrock", "icespinner", "iceshard", "earthquake"], "ability": "Sturdy", "evs": {"hp": 85, "atk": 85, "def": 85, "spa": 85, "spd": 85, "spe": 85}, "ivs": {"hp": 31, "atk": 31, "def": 31, "spa": 31, "spd": 31, "spe": 31}, "item": "Leftovers", "teraType": "Dragon", "role": "Bulky Support", "bvs": {"hp": 90, "atk": 120, "def": 120, "spa": 60, "spd": 60, "spe": 50}, "stats": {"hp": 288, "atk": 250, "def": 250, "spa": 149, "spd": 149, "spe": 132}, "types": ["Ground"]}, "Forretress": {"name": "Forretress", "species": "Forretress", "speciesId": "forretress", "gender": "F", "shiny": false, "level": 84, "moves": ["ironhead", "thunderwave", "rapidspin", "spikes"], "ability": "Sturdy", "evs": {"hp": 85, "atk": 85, "def": 85, "spa": 85, "spd": 85, "spe": 85}, "ivs": {"hp": 31, "atk": 31, "def": 31, "spa": 31, "spd": 31, "spe": 31}, "item": "Leftovers", "teraType": "Water", "role": "Bulky Support", "bvs": {"hp": 75, "atk": 90, "def": 140, "spa": 60, "spd": 60, "spe": 40}, "stats": {"hp": 263, "atk": 199, "def": 283, "spa": 149, "spd": 149, "spe": 115}, "types": ["Bug", "Steel"]}, "Smeargle": {"name": "Smeargle", "species": "Smeargle", "speciesId": "smeargle", "gender": "F", "shiny": false, "level": 95, "moves": ["shellsmash", "spore", "powertrip", "populationbomb"], "ability": "Technician", "evs": {"hp": 85, "atk": 85, "def": 85, "spa": 85, "spd": 85, "spe": 85}, "ivs": {"hp": 31, "atk": 31, "def": 31, "spa": 31, "spd": 31, "spe": 31}, "item": "Wide Lens", "teraType": "Normal", "role": "Setup Sweeper", "bvs": {"hp": 55, "atk": 20, "def": 35, "spa": 20, "spd": 45, "spe": 75}, "stats": {"hp": 258, "atk": 92, "def": 120, "spa": 92, "spd": 139, "spe": 196}, "types": ["Normal"]}, "Lycanroc": {"name": "Lycanroc", "species": "Lycanroc-Midnight", "speciesId": "lycanrocmidnight", "gender": "M", "shiny": false, "level": 89, "moves": ["closecombat", "swordsdance", "knockoff", "stoneedge"], "ability": "No Guard", "evs": {"hp": 85, "atk": 85, "def": 85, "spa": 85, "spd": 85, "spe": 85}, "ivs": {"hp": 31, "atk": 31, "def": 31, "spa": 31, "spd": 31, "spe": 31}, "item": "Life Orb", "teraType": "Fighting", "role": "Fast Attacker", "bvs": {"hp": 85, "atk": 115, "def": 75, "spa": 55, "spd": 75, "spe": 82}, "stats": {"hp": 296, "atk": 255, "def": 184, "spa": 149, "spd": 184, "spe": 197}, "types": ["Rock"]}, "Wo-Chien": {"name": "Wo-Chien", "species": "Wo-Chien", "speciesId": "wochien", "gender": "N", "shiny": false, "level": 83, "moves": ["gigadrain", "leechseed", "knockoff", "protect"], "ability": "Tablets of Ruin", "evs": {"hp": 85, "atk": 85, "def": 85, "spa": 85, "spd": 85, "spe": 85}, "ivs": {"hp": 31, "atk": 31, "def": 31, "spa": 31, "spd": 31, "spe": 31}, "item": "Leftovers", "teraType": "Poison", "role": "Bulky Support", "bvs": {"hp": 85, "atk": 85, "def": 100, "spa": 95, "spd": 135, "spe": 70}, "stats": {"hp": 277, "atk": 189, "def": 214, "spa": 205, "spd": 272, "spe": 164}, "types": ["Dark", "Grass"]}}, {"Chimecho": {"name": "Chimecho", "species": "Chimecho", "speciesId": "chimecho", "gender": "F", "shiny": false, "level": 93, "moves": ["psychicnoise", "recover", "knockoff", "healbell"], "ability": "Levitate", "evs": {"hp": 85, "atk": 85, "def": 85, "spa": 85, "spd": 85, "spe": 85}, "ivs": {"hp": 31, "atk": 31, "def": 31, "spa": 31, "spd": 31, "spe": 31}, "item": "Leftovers", "teraType": "Electric", "role": "Bulky Support", "bvs": {"hp": 75, "atk": 50, "def": 80, "spa": 95, "spd": 90, "spe": 65}, "stats": {"hp": 290, "atk": 146, "def": 202, "spa": 230, "spd": 220, "spe": 174}, "types": ["Psychic"]}, "Groudon": {"name": "Groudon", "species": "Groudon", "speciesId": "groudon", "gender": "N", "shiny": false, "level": 72, "moves": ["stealthrock", "heatcrash", "roar", "precipiceblades"], "ability": "Drought", "evs": {"hp": 85, "atk": 85, "def": 85, "spa": 85, "spd": 85, "spe": 85}, "ivs": {"hp": 31, "atk": 31, "def": 31, "spa": 31, "spd": 31, "spe": 31}, "item": "Leftovers", "teraType": "Fire", "role": "Bulky Attacker", "bvs": {"hp": 100, "atk": 150, "def": 140, "spa": 100, "spd": 90, "spe": 90}, "stats": {"hp": 263, "atk": 258, "def": 244, "spa": 186, "spd": 172, "spe": 172}, "types": ["Ground"]}, "Eiscue": {"name": "Eiscue", "species": "Eiscue", "speciesId": "eiscue", "gender": "M", "shiny": false, "level": 88, "moves": ["bellydrum", "icespinner", "liquidation", "terablast"], "ability": "Ice Face", "evs": {"hp": 81, "atk": 85, "def": 85, "spa": 85, "spd": 85, "spe": 85}, "ivs": {"hp": 31, "atk": 31, "def": 31, "spa": 31, "spd": 31, "spe": 31}, "item": "Sitrus Berry", "teraType": "Ground", "role": "Tera Blast user", "bvs": {"hp": 75, "atk": 80, "def": 110, "spa": 65, "spd": 90, "spe": 50}, "stats": {"hp": 274, "atk": 191, "def": 244, "spa": 165, "spd": 209, "spe": 138}, "types": ["Ice"]}, "Cryogonal": {"name": "Cryogonal", "species": "Cryogonal", "speciesId": "cryogonal", "gender": "N", "shiny": false, "level": 89, "moves": ["recover", "rapidspin", "freezedry", "flashcannon"], "ability": "Levitate", "evs": {"hp": 85, "atk": 85, "def": 85, "spa": 85, "spd": 85, "spe": 85}, "ivs": {"hp": 31, "atk": 31, "def": 31, "spa": 31, "spd": 31, "spe": 31}, "item": "Heavy-Duty Boots", "teraType": "Steel", "role": "Bulky Support", "bvs": {"hp": 80, "atk": 50, "def": 50, "spa": 95, "spd": 135, "spe": 105}, "stats": {"hp": 287, "atk": 140, "def": 140, "spa": 220, "spd": 291, "spe": 238}, "types": ["Ice"]}, "Mandibuzz": {"name": "Mandibuzz", "species": "Mandibuzz", "speciesId": "mandibuzz", "gender": "F", "shiny": false, "level": 85, "moves": ["knockoff", "roost", "bravebird", "toxic"], "ability": "Overcoat", "evs": {"hp": 85, "atk": 85, "def": 85, "spa": 85, "spd": 85, "spe": 85}, "ivs": {"hp": 31, "atk": 31, "def": 31, "spa": 31, "spd": 31, "spe": 31}, "item": "Heavy-Duty Boots", "teraType": "Steel", "role": "Bulky Attacker", "bvs": {"hp": 110, "atk": 65, "def": 105, "spa": 55, "spd": 95, "spe": 80}, "stats": {"hp": 326, "atk": 159, "def": 227, "spa": 142, "spd": 210, "spe": 185}, "types": ["Dark", "Flying"]}, "Drednaw": {"name": "Drednaw", "species": "Drednaw", "speciesId": "drednaw", "gender": "M", "shiny": false, "level": 81, "moves": ["stoneedge", "crunch", "liquidation", "shellsmash"], "ability": "Strong Jaw", "evs": {"hp": 85, "atk": 85, "def": 85, "spa": 85, "spd": 85, "spe": 85}, "ivs": {"hp": 31, "atk": 31, "def": 31, "spa": 31, "spd": 31, "spe": 31}, "item": "White Herb", "teraType": "Dark", "role": "Setup Sweeper", "bvs": {"hp": 90, "atk": 115, "def": 90, "spa": 48, "spd": 68, "spe": 74}, "stats": {"hp": 278, "atk": 233, "def": 192, "spa": 124, "spd": 157, "spe": 167}, "types": ["Water", "Rock"]}}]}