{"id": "gen9randombattle-2641444242", "format": "[Gen 9] Random Battle", "players": ["mimikyu11111", "PhoneAnon"], "log": "|j|\u203dmimikyu11111\n|j|\u2606PhoneAnon\n|t:|1782785701\n|gametype|singles\n|player|p1|mimikyu11111|rocketgrunt|1902\n|player|p2|PhoneAnon|unknown|1923\n|gen|9\n|tier|[Gen 9] Random Battle\n|rated|\n|rule|Species Clause: Limit one of each Pok\u00e9mon\n|rule|HP Percentage Mod: HP is shown in percentages\n|rule|Sleep Clause Mod: Limit one foe put to sleep\n|rule|Illusion Level Mod: Illusion disguises the Pok\u00e9mon's true level\n|\n|t:|1782785701\n|teamsize|p1|6\n|teamsize|p2|6\n|start\n|switch|p1a: Sceptile|Sceptile, L87, F|264/264\n|switch|p2a: Snorlax|Snorlax, L82, M|397/397\n|turn|1\n|inactive|Battle timer is ON: inactive players will automatically lose when time's up. (requested by PhoneAnon)\n|inactive|PhoneAnon has 120 seconds left.\n|\n|t:|1782785750\n|switch|p1a: Hippowdon|Hippowdon, L82, M|311/311\n|-weather|Sandstorm|[from] ability: Sand Stream|[of] p1a: Hippowdon\n|move|p2a: Snorlax|Body Slam|p1a: Hippowdon\n|-damage|p1a: Hippowdon|238/311\n|\n|-weather|Sandstorm|[upkeep]\n|-damage|p2a: Snorlax|373/397|[from] Sandstorm\n|-heal|p1a: Hippowdon|257/311|[from] item: Leftovers\n|-heal|p2a: Snorlax|397/397|[from] item: Leftovers\n|upkeep\n|turn|2\n|\n|t:|1782785777\n|move|p1a: Hippowdon|Curse|p1a: Hippowdon\n|-unboost|p1a: Hippowdon|spe|1\n|-boost|p1a: Hippowdon|atk|1\n|-boost|p1a: Hippowdon|def|1\n|move|p2a: Snorlax|Body Slam|p1a: Hippowdon\n|-damage|p1a: Hippowdon|203/311\n|-status|p1a: Hippowdon|par\n|\n|-weather|Sandstorm|[upkeep]\n|-damage|p2a: Snorlax|373/397|[from] Sandstorm\n|-heal|p2a: Snorlax|397/397|[from] item: Leftovers\n|-heal|p1a: Hippowdon|222/311 par|[from] item: Leftovers\n|upkeep\n|turn|3\n|inactive|mimikyu11111 has 120 seconds left.\n|\n|t:|1782785801\n|switch|p2a: Pelipper|Pelipper, L86, F|243/243\n|-weather|RainDance|[from] ability: Drizzle|[of] p2a: Pelipper\n|move|p1a: Hippowdon|Stone Edge|p2a: Pelipper\n|-supereffective|p2a: Pelipper\n|-crit|p2a: Pelipper\n|-damage|p2a: Pelipper|0 fnt\n|faint|p2a: Pelipper\n|\n|-weather|RainDance|[upkeep]\n|-heal|p1a: Hippowdon|241/311 par|[from] item: Leftovers\n|upkeep\n|\n|t:|1782785807\n|switch|p2a: Vaporeon|Vaporeon, L86, F|364/364\n|turn|4\n|inactive|mimikyu11111 has 120 seconds left.\n|\n|t:|1782785820\n|switch|p1a: Slowking|Slowking-Galar, L85, F|300/300\n|move|p2a: Vaporeon|Scald|p1a: Slowking\n|-damage|p1a: Slowking|167/300\n|\n|-weather|RainDance|[upkeep]\n|-heal|p1a: Slowking|185/300|[from] item: Leftovers\n|upkeep\n|turn|5\n|\n|t:|1782785823\n|move|p2a: Vaporeon|Scald|p1a: Slowking\n|-damage|p1a: Slowking|71/300\n|move|p1a: Slowking|Toxic Spikes|p2a: Vaporeon\n|-sidestart|p2: PhoneAnon|move: Toxic Spikes\n|\n|-weather|RainDance|[upkeep]\n|-heal|p1a: Slowking|89/300|[from] item: Leftovers\n|upkeep\n|turn|6\n|\n|t:|1782785828\n|switch|p1a: Arceus|Arceus-Grass, L73|296/296\n|move|p2a: Vaporeon|Scald|p1a: Arceus\n|-resisted|p1a: Arceus\n|-damage|p1a: Arceus|227/296\n|-status|p1a: Arceus|brn\n|\n|-weather|RainDance|[upkeep]\n|-damage|p1a: Arceus|209/296 brn|[from] brn\n|upkeep\n|turn|7\n|\n|t:|1782785832\n|switch|p2a: Flareon|Flareon, L90, F|263/263\n|-status|p2a: Flareon|psn\n|move|p1a: Arceus|Calm Mind|p1a: Arceus\n|-boost|p1a: Arceus|spa|1\n|-boost|p1a: Arceus|spd|1\n|\n|-weather|none\n|-damage|p2a: Flareon|231/263 psn|[from] psn\n|-damage|p1a: Arceus|191/296 brn|[from] brn\n|upkeep\n|turn|8\n|\n|t:|1782785837\n|move|p1a: Arceus|Earth Power|p2a: Flareon\n|-supereffective|p2a: Flareon\n|-damage|p2a: Flareon|101/263 psn\n|move|p2a: Flareon|Trailblaze|p1a: Arceus\n|-resisted|p1a: Arceus\n|-damage|p1a: Arceus|157/296 brn\n|-boost|p2a: Flareon|spe|1\n|\n|-damage|p2a: Flareon|69/263 psn|[from] psn\n|-damage|p1a: Arceus|139/296 brn|[from] brn\n|upkeep\n|turn|9\n|\n|t:|1782785842\n|switch|p1a: Dondozo|Dondozo, L78, M|362/362\n|move|p2a: Flareon|Facade|p1a: Dondozo\n|-damage|p1a: Dondozo|177/362\n|\n|-heal|p1a: Dondozo|199/362|[from] item: Leftovers\n|-damage|p2a: Flareon|37/263 psn|[from] psn\n|upkeep\n|turn|10\n|\n|t:|1782785846\n|move|p2a: Flareon|Facade|p1a: Dondozo\n|-damage|p1a: Dondozo|26/362\n|move|p1a: Dondozo|Rest|p1a: Dondozo\n|-status|p1a: Dondozo|slp|[from] move: Rest\n|-heal|p1a: Dondozo|362/362 slp|[silent]\n|\n|-damage|p2a: Flareon|5/263 psn|[from] psn\n|upkeep\n|turn|11\n|\n|t:|1782785851\n|move|p2a: Flareon|Facade|p1a: Dondozo\n|-damage|p1a: Dondozo|177/362 slp\n|cant|p1a: Dondozo|slp\n|move|p1a: Dondozo|Sleep Talk|p1a: Dondozo\n|move|p1a: Dondozo|Rest||[from] move: Sleep Talk|[still]\n|-fail|p1a: Dondozo\n|\n|-heal|p1a: Dondozo|199/362 slp|[from] item: Leftovers\n|-damage|p2a: Flareon|0 fnt|[from] psn\n|faint|p2a: Flareon\n|upkeep\n|\n|t:|1782785858\n|switch|p2a: Rhydon|Rhydon, L85, F|317/317\n|-status|p2a: Rhydon|psn\n|turn|12\n|\n|t:|1782785871\n|move|p2a: Rhydon|Stealth Rock|p1a: Dondozo\n|-sidestart|p1: mimikyu11111|move: Stealth Rock\n|cant|p1a: Dondozo|slp\n|move|p1a: Dondozo|Sleep Talk|p1a: Dondozo\n|move|p1a: Dondozo|Curse|p1a: Dondozo|[from] move: Sleep Talk\n|-unboost|p1a: Dondozo|spe|1\n|-boost|p1a: Dondozo|atk|1\n|-boost|p1a: Dondozo|def|1\n|\n|-heal|p1a: Dondozo|221/362 slp|[from] item: Leftovers\n|-damage|p2a: Rhydon|278/317 psn|[from] psn\n|upkeep\n|turn|13\n|\n|t:|1782785875\n|switch|p2a: Vaporeon|Vaporeon, L86, F|364/364\n|-status|p2a: Vaporeon|psn\n|-curestatus|p1a: Dondozo|slp|[msg]\n|move|p1a: Dondozo|Wave Crash|p2a: Vaporeon\n|-immune|p2a: Vaporeon|[from] ability: Water Absorb\n|\n|-heal|p1a: Dondozo|243/362|[from] item: Leftovers\n|-damage|p2a: Vaporeon|319/364 psn|[from] psn\n|upkeep\n|turn|14\n|\n|t:|1782785879\n|switch|p1a: Slowking|Slowking-Galar, L85, F|189/300\n|-damage|p1a: Slowking|152/300|[from] Stealth Rock\n|move|p2a: Vaporeon|Roar|p1a: Slowking\n|drag|p1a: Ribombee|Ribombee, L83, F|235/235\n|\n|-heal|p2a: Vaporeon|341/364 psn|[from] item: Leftovers\n|-damage|p2a: Vaporeon|296/364 psn|[from] psn\n|upkeep\n|turn|15\n|\n|t:|1782785884\n|switch|p1a: Slowking|Slowking-Galar, L85, F|252/300\n|-damage|p1a: Slowking|215/300|[from] Stealth Rock\n|move|p2a: Vaporeon|Scald|p1a: Slowking\n|-damage|p1a: Slowking|131/300\n|\n|-heal|p2a: Vaporeon|318/364 psn|[from] item: Leftovers\n|-heal|p1a: Slowking|149/300|[from] item: Leftovers\n|-damage|p2a: Vaporeon|273/364 psn|[from] psn\n|upkeep\n|turn|16\n|\n|t:|1782785888\n|move|p2a: Vaporeon|Scald|p1a: Slowking\n|-damage|p1a: Slowking|68/300\n|move|p1a: Slowking|Toxic Spikes|p2a: Vaporeon\n|-sidestart|p2: PhoneAnon|move: Toxic Spikes\n|\n|-heal|p2a: Vaporeon|295/364 psn|[from] item: Leftovers\n|-heal|p1a: Slowking|86/300|[from] item: Leftovers\n|-damage|p2a: Vaporeon|250/364 psn|[from] psn\n|upkeep\n|turn|17\n|\n|t:|1782785902\n|switch|p1a: Dondozo|Dondozo, L78, M|243/362\n|-damage|p1a: Dondozo|198/362|[from] Stealth Rock\n|move|p2a: Vaporeon|Scald|p1a: Dondozo\n|-resisted|p1a: Dondozo\n|-damage|p1a: Dondozo|137/362\n|\n|-heal|p2a: Vaporeon|272/364 psn|[from] item: Leftovers\n|-heal|p1a: Dondozo|159/362|[from] item: Leftovers\n|-damage|p2a: Vaporeon|227/364 psn|[from] psn\n|upkeep\n|turn|18\n|\n|t:|1782785906\n|move|p2a: Vaporeon|Scald|p1a: Dondozo\n|-resisted|p1a: Dondozo\n|-damage|p1a: Dondozo|96/362\n|-status|p1a: Dondozo|brn\n|move|p1a: Dondozo|Rest|p1a: Dondozo\n|-status|p1a: Dondozo|slp|[from] move: Rest\n|-heal|p1a: Dondozo|362/362 slp|[silent]\n|\n|-heal|p2a: Vaporeon|249/364 psn|[from] item: Leftovers\n|-damage|p2a: Vaporeon|204/364 psn|[from] psn\n|upkeep\n|turn|19\n|\n|t:|1782785911\n|switch|p1a: Arceus|Arceus-Grass, L73|139/296 brn\n|-damage|p1a: Arceus|102/296 brn|[from] Stealth Rock\n|move|p2a: Vaporeon|Wish|p2a: Vaporeon\n|\n|-heal|p2a: Vaporeon|226/364 psn|[from] item: Leftovers\n|-damage|p2a: Vaporeon|181/364 psn|[from] psn\n|-damage|p1a: Arceus|84/296 brn|[from] brn\n|upkeep\n|turn|20\n|\n|t:|1782785915\n|move|p1a: Arceus|Judgment|p2a: Vaporeon\n|-supereffective|p2a: Vaporeon\n|-damage|p2a: Vaporeon|0 fnt\n|faint|p2a: Vaporeon\n|\n|-damage|p1a: Arceus|66/296 brn|[from] brn\n|upkeep\n|\n|t:|1782785921\n|switch|p2a: Snorlax|Snorlax, L82, M|397/397\n|-status|p2a: Snorlax|tox\n|turn|21\n|\n|t:|1782785926\n|switch|p1a: Hippowdon|Hippowdon, L82, M|241/311 par\n|-damage|p1a: Hippowdon|222/311 par|[from] Stealth Rock\n|-weather|Sandstorm|[from] ability: Sand Stream|[of] p1a: Hippowdon\n|move|p2a: Snorlax|Curse|p2a: Snorlax\n|-unboost|p2a: Snorlax|spe|1\n|-boost|p2a: Snorlax|atk|1\n|-boost|p2a: Snorlax|def|1\n|\n|-weather|Sandstorm|[upkeep]\n|-damage|p2a: Snorlax|373/397 tox|[from] Sandstorm\n|-heal|p2a: Snorlax|397/397 tox|[from] item: Leftovers\n|-heal|p1a: Hippowdon|241/311 par|[from] item: Leftovers\n|-damage|p2a: Snorlax|373/397 tox|[from] psn\n|upkeep\n|turn|22\n|\n|t:|1782785929\n|move|p2a: Snorlax|Curse|p2a: Snorlax\n|-unboost|p2a: Snorlax|spe|1\n|-boost|p2a: Snorlax|atk|1\n|-boost|p2a: Snorlax|def|1\n|move|p1a: Hippowdon|Curse|p1a: Hippowdon\n|-unboost|p1a: Hippowdon|spe|1\n|-boost|p1a: Hippowdon|atk|1\n|-boost|p1a: Hippowdon|def|1\n|\n|-weather|Sandstorm|[upkeep]\n|-damage|p2a: Snorlax|349/397 tox|[from] Sandstorm\n|-heal|p2a: Snorlax|373/397 tox|[from] item: Leftovers\n|-heal|p1a: Hippowdon|260/311 par|[from] item: Leftovers\n|-damage|p2a: Snorlax|325/397 tox|[from] psn\n|upkeep\n|turn|23\n|\n|t:|1782785936\n|move|p2a: Snorlax|Body Slam|p1a: Hippowdon\n|-damage|p1a: Hippowdon|155/311 par\n|move|p1a: Hippowdon|Curse|p1a: Hippowdon\n|-unboost|p1a: Hippowdon|spe|1\n|-boost|p1a: Hippowdon|atk|1\n|-boost|p1a: Hippowdon|def|1\n|\n|-weather|Sandstorm|[upkeep]\n|-damage|p2a: Snorlax|301/397 tox|[from] Sandstorm\n|-heal|p2a: Snorlax|325/397 tox|[from] item: Leftovers\n|-heal|p1a: Hippowdon|174/311 par|[from] item: Leftovers\n|-damage|p2a: Snorlax|253/397 tox|[from] psn\n|upkeep\n|turn|24\n|\n|t:|1782785941\n|move|p2a: Snorlax|Curse|p2a: Snorlax\n|-unboost|p2a: Snorlax|spe|1\n|-boost|p2a: Snorlax|atk|1\n|-boost|p2a: Snorlax|def|1\n|move|p1a: Hippowdon|Curse|p1a: Hippowdon\n|-unboost|p1a: Hippowdon|spe|1\n|-boost|p1a: Hippowdon|atk|1\n|-boost|p1a: Hippowdon|def|1\n|\n|-weather|Sandstorm|[upkeep]\n|-damage|p2a: Snorlax|229/397 tox|[from] Sandstorm\n|-heal|p2a: Snorlax|253/397 tox|[from] item: Leftovers\n|-heal|p1a: Hippowdon|193/311 par|[from] item: Leftovers\n|-damage|p2a: Snorlax|157/397 tox|[from] psn\n|upkeep\n|turn|25\n|\n|t:|1782785944\n|move|p2a: Snorlax|Rest|p2a: Snorlax\n|-status|p2a: Snorlax|slp|[from] move: Rest\n|-heal|p2a: Snorlax|397/397 slp|[silent]\n|move|p1a: Hippowdon|Curse|p1a: Hippowdon\n|-unboost|p1a: Hippowdon|spe|1\n|-boost|p1a: Hippowdon|atk|1\n|-boost|p1a: Hippowdon|def|1\n|\n|-weather|none\n|-heal|p1a: Hippowdon|212/311 par|[from] item: Leftovers\n|upkeep\n|turn|26\n|\n|t:|1782785956\n|cant|p2a: Snorlax|slp\n|move|p2a: Snorlax|Sleep Talk|p2a: Snorlax\n|move|p2a: Snorlax|Body Slam|p1a: Hippowdon|[from] move: Sleep Talk\n|-damage|p1a: Hippowdon|149/311 par\n|move|p1a: Hippowdon|Curse|p1a: Hippowdon\n|-unboost|p1a: Hippowdon|spe|1\n|-boost|p1a: Hippowdon|atk|1\n|-boost|p1a: Hippowdon|def|1\n|\n|-heal|p1a: Hippowdon|168/311 par|[from] item: Leftovers\n|upkeep\n|turn|27\n|\n|t:|1782785968\n|cant|p2a: Snorlax|slp\n|move|p1a: Hippowdon|Curse|p1a: Hippowdon\n|-unboost|p1a: Hippowdon|spe|1\n|-boost|p1a: Hippowdon|atk|1\n|-boost|p1a: Hippowdon|def|1\n|\n|-heal|p1a: Hippowdon|187/311 par|[from] item: Leftovers\n|upkeep\n|turn|28\n|\n|t:|1782785981\n|-curestatus|p2a: Snorlax|slp|[msg]\n|move|p2a: Snorlax|Curse|p2a: Snorlax\n|-unboost|p2a: Snorlax|spe|1\n|-boost|p2a: Snorlax|atk|1\n|-boost|p2a: Snorlax|def|1\n|cant|p1a: Hippowdon|par\n|\n|-heal|p1a: Hippowdon|206/311 par|[from] item: Leftovers\n|upkeep\n|turn|29\n|\n|t:|1782786007\n|move|p2a: Snorlax|Curse|p2a: Snorlax\n|-unboost|p2a: Snorlax|spe|1\n|-boost|p2a: Snorlax|atk|1\n|-boost|p2a: Snorlax|def|1\n|move|p1a: Hippowdon|Earthquake|p2a: Snorlax\n|-damage|p2a: Snorlax|237/397\n|\n|-heal|p2a: Snorlax|261/397|[from] item: Leftovers\n|-heal|p1a: Hippowdon|225/311 par|[from] item: Leftovers\n|upkeep\n|turn|30\n|\n|t:|1782786014\n|move|p2a: Snorlax|Curse|p2a: Snorlax\n|-unboost|p2a: Snorlax|spe|1\n|-boost|p2a: Snorlax|atk|1\n|-boost|p2a: Snorlax|def|1\n|move|p1a: Hippowdon|Stone Edge|p2a: Snorlax\n|-damage|p2a: Snorlax|160/397\n|\n|-heal|p2a: Snorlax|184/397|[from] item: Leftovers\n|-heal|p1a: Hippowdon|244/311 par|[from] item: Leftovers\n|upkeep\n|turn|31\n|\n|t:|1782786021\n|move|p2a: Snorlax|Rest|p2a: Snorlax\n|-status|p2a: Snorlax|slp|[from] move: Rest\n|-heal|p2a: Snorlax|397/397 slp|[silent]\n|move|p1a: Hippowdon|Stone Edge|p2a: Snorlax|[miss]\n|-miss|p1a: Hippowdon|p2a: Snorlax\n|\n|-heal|p1a: Hippowdon|263/311 par|[from] item: Leftovers\n|upkeep\n|turn|32\n|\n|t:|1782786028\n|cant|p2a: Snorlax|slp\n|move|p2a: Snorlax|Sleep Talk|p2a: Snorlax\n|move|p2a: Snorlax|Rest||[from] move: Sleep Talk|[still]\n|-fail|p2a: Snorlax\n|cant|p1a: Hippowdon|par\n|\n|-heal|p1a: Hippowdon|282/311 par|[from] item: Leftovers\n|upkeep\n|turn|33\n|inactive|PhoneAnon has 120 seconds left.\n|\n|t:|1782786062\n|cant|p2a: Snorlax|slp\n|move|p1a: Hippowdon|Stone Edge|p2a: Snorlax|[miss]\n|-miss|p1a: Hippowdon|p2a: Snorlax\n|\n|-heal|p1a: Hippowdon|301/311 par|[from] item: Leftovers\n|upkeep\n|turn|34\n|\n|t:|1782786072\n|-curestatus|p2a: Snorlax|slp|[msg]\n|move|p2a: Snorlax|Sleep Talk||[still]\n|-fail|p2a: Snorlax\n|move|p1a: Hippowdon|Stone Edge|p2a: Snorlax\n|-damage|p2a: Snorlax|293/397\n|\n|-heal|p2a: Snorlax|317/397|[from] item: Leftovers\n|-heal|p1a: Hippowdon|311/311 par|[from] item: Leftovers\n|upkeep\n|turn|35\n|inactive|PhoneAnon has 120 seconds left.\n|\n|t:|1782786098\n|move|p2a: Snorlax|Body Slam|p1a: Hippowdon\n|-damage|p1a: Hippowdon|227/311 par\n|cant|p1a: Hippowdon|par\n|\n|-heal|p2a: Snorlax|341/397|[from] item: Leftovers\n|-heal|p1a: Hippowdon|246/311 par|[from] item: Leftovers\n|upkeep\n|turn|36\n|\n|t:|1782786115\n|move|p2a: Snorlax|Body Slam|p1a: Hippowdon\n|-damage|p1a: Hippowdon|168/311 par\n|move|p1a: Hippowdon|Earthquake|p2a: Snorlax\n|-damage|p2a: Snorlax|209/397\n|\n|-heal|p2a: Snorlax|233/397|[from] item: Leftovers\n|-heal|p1a: Hippowdon|187/311 par|[from] item: Leftovers\n|upkeep\n|turn|37\n|inactive|PhoneAnon has 120 seconds left.\n|\n|t:|1782786146\n|move|p2a: Snorlax|Body Slam|p1a: Hippowdon\n|-damage|p1a: Hippowdon|108/311 par\n|move|p1a: Hippowdon|Earthquake|p2a: Snorlax\n|-damage|p2a: Snorlax|101/397\n|\n|-heal|p2a: Snorlax|125/397|[from] item: Leftovers\n|-heal|p1a: Hippowdon|127/311 par|[from] item: Leftovers\n|upkeep\n|turn|38\n|\n|t:|1782786162\n|move|p2a: Snorlax|Rest|p2a: Snorlax\n|-status|p2a: Snorlax|slp|[from] move: Rest\n|-heal|p2a: Snorlax|397/397 slp|[silent]\n|move|p1a: Hippowdon|Slack Off|p1a: Hippowdon\n|-heal|p1a: Hippowdon|283/311 par\n|\n|-heal|p1a: Hippowdon|302/311 par|[from] item: Leftovers\n|upkeep\n|turn|39\n|inactive|PhoneAnon has 120 seconds left.\n|\n|t:|1782786195\n|cant|p2a: Snorlax|slp\n|cant|p1a: Hippowdon|par\n|\n|-heal|p1a: Hippowdon|311/311 par|[from] item: Leftovers\n|upkeep\n|turn|40\n|\n|t:|1782786207\n|cant|p2a: Snorlax|slp\n|move|p1a: Hippowdon|Earthquake|p2a: Snorlax\n|-damage|p2a: Snorlax|246/397 slp\n|\n|-heal|p2a: Snorlax|270/397 slp|[from] item: Leftovers\n|upkeep\n|turn|41\n|\n|t:|1782786215\n|-curestatus|p2a: Snorlax|slp|[msg]\n|move|p2a: Snorlax|Body Slam|p1a: Hippowdon\n|-damage|p1a: Hippowdon|235/311 par\n|move|p1a: Hippowdon|Earthquake|p2a: Snorlax\n|-damage|p2a: Snorlax|135/397\n|\n|-heal|p2a: Snorlax|159/397|[from] item: Leftovers\n|-heal|p1a: Hippowdon|254/311 par|[from] item: Leftovers\n|upkeep\n|turn|42\n|\n|t:|1782786220\n|move|p2a: Snorlax|Rest|p2a: Snorlax\n|-status|p2a: Snorlax|slp|[from] move: Rest\n|-heal|p2a: Snorlax|397/397 slp|[silent]\n|move|p1a: Hippowdon|Earthquake|p2a: Snorlax\n|-damage|p2a: Snorlax|258/397 slp\n|\n|-heal|p2a: Snorlax|282/397 slp|[from] item: Leftovers\n|-heal|p1a: Hippowdon|273/311 par|[from] item: Leftovers\n|upkeep\n|turn|43\n|\n|t:|1782786226\n|cant|p2a: Snorlax|slp\n|move|p2a: Snorlax|Sleep Talk|p2a: Snorlax\n|move|p2a: Snorlax|Rest||[from] move: Sleep Talk|[still]\n|-fail|p2a: Snorlax\n|move|p1a: Hippowdon|Earthquake|p2a: Snorlax\n|-damage|p2a: Snorlax|141/397 slp\n|\n|-heal|p2a: Snorlax|165/397 slp|[from] item: Leftovers\n|-heal|p1a: Hippowdon|292/311 par|[from] item: Leftovers\n|upkeep\n|turn|44\n|\n|t:|1782786246\n|cant|p2a: Snorlax|slp\n|move|p1a: Hippowdon|Earthquake|p2a: Snorlax\n|-damage|p2a: Snorlax|12/397 slp\n|\n|-heal|p2a: Snorlax|36/397 slp|[from] item: Leftovers\n|-heal|p1a: Hippowdon|311/311 par|[from] item: Leftovers\n|upkeep\n|turn|45\n|\n|t:|1782786253\n|-curestatus|p2a: Snorlax|slp|[msg]\n|move|p2a: Snorlax|Rest|p2a: Snorlax\n|-status|p2a: Snorlax|slp|[from] move: Rest\n|-heal|p2a: Snorlax|397/397 slp|[silent]\n|move|p1a: Hippowdon|Earthquake|p2a: Snorlax\n|-damage|p2a: Snorlax|262/397 slp\n|\n|-heal|p2a: Snorlax|286/397 slp|[from] item: Leftovers\n|upkeep\n|turn|46\n|\n|t:|1782786261\n|cant|p2a: Snorlax|slp\n|move|p2a: Snorlax|Sleep Talk|p2a: Snorlax\n|move|p2a: Snorlax|Curse|p2a: Snorlax|[from] move: Sleep Talk\n|cant|p1a: Hippowdon|par\n|\n|-heal|p2a: Snorlax|310/397 slp|[from] item: Leftovers\n|upkeep\n|turn|47\n|inactive|PhoneAnon has 120 seconds left.\n|\n|t:|1782786311\n|cant|p2a: Snorlax|slp\n|move|p1a: Hippowdon|Stone Edge|p2a: Snorlax\n|-damage|p2a: Snorlax|209/397 slp\n|\n|-heal|p2a: Snorlax|233/397 slp|[from] item: Leftovers\n|upkeep\n|turn|48\n|\n|t:|1782786319\n|-curestatus|p2a: Snorlax|slp|[msg]\n|move|p2a: Snorlax|Body Slam|p1a: Hippowdon\n|-damage|p1a: Hippowdon|233/311 par\n|cant|p1a: Hippowdon|par\n|\n|-heal|p2a: Snorlax|257/397|[from] item: Leftovers\n|-heal|p1a: Hippowdon|252/311 par|[from] item: Leftovers\n|upkeep\n|turn|49\n|\n|t:|1782786343\n|move|p2a: Snorlax|Body Slam|p1a: Hippowdon\n|-damage|p1a: Hippowdon|171/311 par\n|move|p1a: Hippowdon|Earthquake|p2a: Snorlax\n|-damage|p2a: Snorlax|107/397\n|\n|-heal|p2a: Snorlax|131/397|[from] item: Leftovers\n|-heal|p1a: Hippowdon|190/311 par|[from] item: Leftovers\n|upkeep\n|turn|50\n|\n|t:|1782786352\n|move|p2a: Snorlax|Rest|p2a: Snorlax\n|-status|p2a: Snorlax|slp|[from] move: Rest\n|-heal|p2a: Snorlax|397/397 slp|[silent]\n|move|p1a: Hippowdon|Stone Edge|p2a: Snorlax\n|-crit|p2a: Snorlax\n|-damage|p2a: Snorlax|0 fnt\n|faint|p2a: Snorlax\n|\n|-heal|p1a: Hippowdon|209/311 par|[from] item: Leftovers\n|upkeep\n|\n|t:|1782786357\n|switch|p2a: Hippowdon|Hippowdon, L82, F|311/311\n|-status|p2a: Hippowdon|tox\n|-weather|Sandstorm|[from] ability: Sand Stream|[of] p2a: Hippowdon\n|turn|51\n|\n|t:|1782786360\n|move|p2a: Hippowdon|Curse|p2a: Hippowdon\n|-unboost|p2a: Hippowdon|spe|1\n|-boost|p2a: Hippowdon|atk|1\n|-boost|p2a: Hippowdon|def|1\n|move|p1a: Hippowdon|Earthquake|p2a: Hippowdon\n|-crit|p2a: Hippowdon\n|-damage|p2a: Hippowdon|0 fnt\n|faint|p2a: Hippowdon\n|\n|-weather|Sandstorm|[upkeep]\n|-heal|p1a: Hippowdon|228/311 par|[from] item: Leftovers\n|upkeep\n|inactive|PhoneAnon has 120 seconds left.\n|\n|t:|1782786376\n|switch|p2a: Rhydon|Rhydon, L85, F|278/317 psn\n|turn|52\n|\n|t:|1782786382\n|move|p2a: Rhydon|Earthquake|p1a: Hippowdon\n|-damage|p1a: Hippowdon|200/311 par\n|cant|p1a: Hippowdon|par\n|\n|-weather|Sandstorm|[upkeep]\n|-heal|p1a: Hippowdon|219/311 par|[from] item: Leftovers\n|-damage|p2a: Rhydon|239/317 psn|[from] psn\n|upkeep\n|turn|53\n|\n|t:|1782786392\n|move|p2a: Rhydon|Earthquake|p1a: Hippowdon\n|-damage|p1a: Hippowdon|192/311 par\n|cant|p1a: Hippowdon|par\n|\n|-weather|Sandstorm|[upkeep]\n|-heal|p1a: Hippowdon|211/311 par|[from] item: Leftovers\n|-damage|p2a: Rhydon|200/317 psn|[from] psn\n|upkeep\n|turn|54\n|\n|t:|1782786402\n|move|p2a: Rhydon|Earthquake|p1a: Hippowdon\n|-damage|p1a: Hippowdon|180/311 par\n|move|p1a: Hippowdon|Earthquake|p2a: Rhydon\n|-supereffective|p2a: Rhydon\n|-damage|p2a: Rhydon|0 fnt\n|faint|p2a: Rhydon\n|\n|win|mimikyu11111\n", "inputlog": ">version f8ac14003a5f27e1bdc8d8c59608a773c1cb96e5\n>start {\"formatid\":\"gen9randombattle\",\"seed\":\"sodium,2007a7fbcf501583dbe0be7a437bf97b\",\"rated\":\"Rated battle\"}\n>player p1 {\"name\":\"mimikyu11111\",\"avatar\":\"rocketgrunt\",\"rating\":1902,\"seed\":\"sodium,7a65d60ee1153b6e39e05a6633425362\"}\n>player p2 {\"name\":\"PhoneAnon\",\"avatar\":\"unknown\",\"rating\":1923,\"seed\":\"sodium,e6f077107ff05c8813829e594d54b4c5\"}\n>p1 switch 3\n>p2 move bodyslam\n>p1 move curse\n>p2 move bodyslam\n>p1 move stoneedge\n>p2 switch 6\n>p2 switch 2\n>p1 switch 5\n>p2 move scald\n>p1 move toxicspikes\n>p2 move scald\n>p1 switch 4\n>p2 move scald\n>p1 move calmmind\n>p2 switch 5\n>p1 move earthpower\n>p2 move trailblaze\n>p1 switch 2\n>p2 move facade\n>p1 move rest\n>p2 move facade\n>p1 move sleeptalk\n>p2 move facade\n>p2 switch 3\n>p1 move sleeptalk\n>p2 move stealthrock\n>p1 move wavecrash\n>p2 switch 5\n>p1 switch 4\n>p2 move roar\n>p1 switch 6\n>p2 move scald\n>p1 move toxicspikes\n>p2 move scald\n>p1 switch 4\n>p2 move scald\n>p1 move rest\n>p2 move scald\n>p1 switch 2\n>p2 move wish\n>p1 move judgment\n>p2 move roar\n>p2 switch 6\n>p1 switch 5\n>p2 move curse\n>p1 move curse\n>p2 move curse\n>p1 move curse\n>p2 move bodyslam\n>p1 move curse\n>p2 move curse\n>p1 move curse\n>p2 move rest\n>p1 move curse\n>p2 move sleeptalk\n>p1 move curse\n>p2 move curse\n>p1 move earthquake\n>p2 move curse\n>p1 move earthquake\n>p2 move curse\n>p1 move stoneedge\n>p2 move curse\n>p1 move stoneedge\n>p2 move rest\n>p1 move stoneedge\n>p2 move sleeptalk\n>p1 move stoneedge\n>p2 move bodyslam\n>p1 move stoneedge\n>p2 move sleeptalk\n>p1 move stoneedge\n>p2 move bodyslam\n>p1 move earthquake\n>p2 move bodyslam\n>p1 move earthquake\n>p2 move bodyslam\n>p1 move slackoff\n>p2 move rest\n>p1 move earthquake\n>p2 move bodyslam\n>p1 move earthquake\n>p2 move bodyslam\n>p1 move earthquake\n>p2 move bodyslam\n>p1 move earthquake\n>p2 move rest\n>p1 move earthquake\n>p2 move sleeptalk\n>p1 move earthquake\n>p2 move bodyslam\n>p1 move earthquake\n>p2 move rest\n>p1 move earthquake\n>p2 move sleeptalk\n>p1 move stoneedge\n>p2 move bodyslam\n>p1 move stoneedge\n>p2 move bodyslam\n>p1 move earthquake\n>p2 move bodyslam\n>p1 move stoneedge\n>p2 move rest\n>p2 switch 4\n>p1 move earthquake\n>p2 move curse\n>p2 switch 5\n>p1 move earthquake\n>p2 move earthquake\n>p1 move earthquake\n>p2 move earthquake\n>p1 move earthquake\n>p2 move earthquake", "uploadtime": 1782785704, "views": 5, "formatid": "gen9randombattle", "rating": null, "private": 0, "password": null, "player_dets": [{"name": "mimikyu11111", "avatar": "rocketgrunt", "rating": 1902, "seed": "sodium,7a65d60ee1153b6e39e05a6633425362"}, {"name": "PhoneAnon", "avatar": "unknown", "rating": 1923, "seed": "sodium,e6f077107ff05c8813829e594d54b4c5"}], "teams_full": [{"Sceptile": {"name": "Sceptile", "species": "Sceptile", "speciesId": "sceptile", "gender": "F", "shiny": false, "level": 87, "moves": ["gigadrain", "focusblast", "substitute", "leechseed"], "ability": "Overgrow", "evs": {"hp": 85, "atk": 0, "def": 85, "spa": 85, "spd": 85, "spe": 85}, "ivs": {"hp": 31, "atk": 0, "def": 31, "spa": 31, "spd": 31, "spe": 31}, "item": "Leftovers", "teraType": "Steel", "role": "Fast Support", "bvs": {"hp": 70, "atk": 85, "def": 65, "spa": 105, "spd": 85, "spe": 120}, "stats": {"hp": 264, "atk": 152, "def": 163, "spa": 232, "spd": 198, "spe": 259}, "types": ["Grass"]}, "Dondozo": {"name": "Dondozo", "species": "Dondozo", "speciesId": "dondozo", "gender": "M", "shiny": false, "level": 78, "moves": ["wavecrash", "sleeptalk", "rest", "curse"], "ability": "Unaware", "evs": {"hp": 85, "atk": 85, "def": 85, "spa": 85, "spd": 85, "spe": 85}, "ivs": {"hp": 31, "atk": 31, "def": 31, "spa": 31, "spd": 31, "spe": 31}, "item": "Leftovers", "teraType": "Dragon", "role": "Bulky Setup", "bvs": {"hp": 150, "atk": 100, "def": 115, "spa": 65, "spd": 65, "spe": 35}, "stats": {"hp": 362, "atk": 201, "def": 224, "spa": 146, "spd": 146, "spe": 100}, "types": ["Water"]}, "Hippowdon": {"name": "Hippowdon", "species": "Hippowdon", "speciesId": "hippowdon", "gender": "M", "shiny": false, "level": 82, "moves": ["earthquake", "slackoff", "curse", "stoneedge"], "ability": "Sand Stream", "evs": {"hp": 85, "atk": 85, "def": 85, "spa": 85, "spd": 85, "spe": 85}, "ivs": {"hp": 31, "atk": 31, "def": 31, "spa": 31, "spd": 31, "spe": 31}, "item": "Leftovers", "teraType": "Steel", "role": "Bulky Setup", "bvs": {"hp": 108, "atk": 112, "def": 118, "spa": 68, "spd": 72, "spe": 47}, "stats": {"hp": 311, "atk": 231, "def": 241, "spa": 159, "spd": 165, "spe": 124}, "types": ["Ground"]}, "Arceus": {"name": "Arceus", "species": "Arceus-Grass", "speciesId": "arceusgrass", "gender": "N", "shiny": false, "level": 73, "moves": ["judgment", "earthpower", "calmmind", "icebeam"], "ability": "Multitype", "evs": {"hp": 85, "atk": 0, "def": 85, "spa": 85, "spd": 85, "spe": 85}, "ivs": {"hp": 31, "atk": 0, "def": 31, "spa": 31, "spd": 31, "spe": 31}, "item": "Meadow Plate", "teraType": "Ground", "role": "Setup Sweeper", "bvs": {"hp": 120, "atk": 120, "def": 120, "spa": 120, "spd": 120, "spe": 120}, "stats": {"hp": 296, "atk": 180, "def": 218, "spa": 218, "spd": 218, "spe": 218}, "types": ["Grass"]}, "Slowking": {"name": "Slowking", "species": "Slowking-Galar", "speciesId": "slowkinggalar", "gender": "F", "shiny": false, "level": 85, "moves": ["psychicnoise", "sludgebomb", "toxicspikes", "slackoff"], "ability": "Regenerator", "evs": {"hp": 85, "atk": 0, "def": 85, "spa": 85, "spd": 85, "spe": 85}, "ivs": {"hp": 31, "atk": 0, "def": 31, "spa": 31, "spd": 31, "spe": 31}, "item": "Leftovers", "teraType": "Dark", "role": "Bulky Attacker", "bvs": {"hp": 95, "atk": 65, "def": 80, "spa": 110, "spd": 110, "spe": 30}, "stats": {"hp": 300, "atk": 115, "def": 185, "spa": 236, "spd": 236, "spe": 100}, "types": ["Poison", "Psychic"]}, "Ribombee": {"name": "Ribombee", "species": "Ribombee", "speciesId": "ribombee", "gender": "F", "shiny": false, "level": 83, "moves": ["quiverdance", "bugbuzz", "terablast", "moonblast"], "ability": "Shield Dust", "evs": {"hp": 85, "atk": 0, "def": 85, "spa": 85, "spd": 85, "spe": 85}, "ivs": {"hp": 31, "atk": 0, "def": 31, "spa": 31, "spd": 31, "spe": 31}, "item": "Heavy-Duty Boots", "teraType": "Ground", "role": "Tera Blast user", "bvs": {"hp": 60, "atk": 55, "def": 60, "spa": 95, "spd": 70, "spe": 124}, "stats": {"hp": 235, "atk": 96, "def": 147, "spa": 205, "spd": 164, "spe": 254}, "types": ["Bug", "Fairy"]}}, {"Snorlax": {"name": "Snorlax", "species": "Snorlax", "speciesId": "snorlax", "gender": "M", "shiny": false, "level": 82, "moves": ["curse", "bodyslam", "sleeptalk", "rest"], "ability": "Thick Fat", "evs": {"hp": 85, "atk": 85, "def": 85, "spa": 85, "spd": 85, "spe": 85}, "ivs": {"hp": 31, "atk": 31, "def": 31, "spa": 31, "spd": 31, "spe": 31}, "item": "Leftovers", "teraType": "Poison", "role": "Bulky Attacker", "bvs": {"hp": 160, "atk": 110, "def": 65, "spa": 65, "spd": 110, "spe": 30}, "stats": {"hp": 397, "atk": 228, "def": 154, "spa": 154, "spd": 228, "spe": 96}, "types": ["Normal"]}, "Vaporeon": {"name": "Vaporeon", "species": "Vaporeon", "speciesId": "vaporeon", "gender": "F", "shiny": false, "level": 86, "moves": ["wish", "roar", "scald", "protect"], "ability": "Water Absorb", "evs": {"hp": 85, "atk": 0, "def": 85, "spa": 85, "spd": 85, "spe": 85}, "ivs": {"hp": 31, "atk": 0, "def": 31, "spa": 31, "spd": 31, "spe": 31}, "item": "Leftovers", "teraType": "Ground", "role": "Bulky Attacker", "bvs": {"hp": 130, "atk": 65, "def": 60, "spa": 110, "spd": 95, "spe": 65}, "stats": {"hp": 364, "atk": 116, "def": 152, "spa": 238, "spd": 213, "spe": 161}, "types": ["Water"]}, "Rhydon": {"name": "Rhydon", "species": "Rhydon", "speciesId": "rhydon", "gender": "F", "shiny": false, "level": 85, "moves": ["stealthrock", "stoneedge", "earthquake", "megahorn"], "ability": "Lightning Rod", "evs": {"hp": 85, "atk": 85, "def": 85, "spa": 85, "spd": 85, "spe": 85}, "ivs": {"hp": 31, "atk": 31, "def": 31, "spa": 31, "spd": 31, "spe": 31}, "item": "Eviolite", "teraType": "Water", "role": "Bulky Attacker", "bvs": {"hp": 105, "atk": 130, "def": 120, "spa": 45, "spd": 45, "spe": 40}, "stats": {"hp": 317, "atk": 270, "def": 253, "spa": 125, "spd": 125, "spe": 117}, "types": ["Ground", "Rock"]}, "Hippowdon": {"name": "Hippowdon", "species": "Hippowdon", "speciesId": "hippowdon", "gender": "F", "shiny": false, "level": 82, "moves": ["slackoff", "earthquake", "stoneedge", "curse"], "ability": "Sand Stream", "evs": {"hp": 85, "atk": 85, "def": 85, "spa": 85, "spd": 85, "spe": 85}, "ivs": {"hp": 31, "atk": 31, "def": 31, "spa": 31, "spd": 31, "spe": 31}, "item": "Leftovers", "teraType": "Rock", "role": "Bulky Setup", "bvs": {"hp": 108, "atk": 112, "def": 118, "spa": 68, "spd": 72, "spe": 47}, "stats": {"hp": 311, "atk": 231, "def": 241, "spa": 159, "spd": 165, "spe": 124}, "types": ["Ground"]}, "Flareon": {"name": "Flareon", "species": "Flareon", "speciesId": "flareon", "gender": "F", "shiny": false, "level": 90, "moves": ["flareblitz", "trailblaze", "quickattack", "facade"], "ability": "Guts", "evs": {"hp": 85, "atk": 85, "def": 85, "spa": 85, "spd": 85, "spe": 85}, "ivs": {"hp": 31, "atk": 31, "def": 31, "spa": 31, "spd": 31, "spe": 31}, "item": "Toxic Orb", "teraType": "Normal", "role": "Setup Sweeper", "bvs": {"hp": 65, "atk": 130, "def": 60, "spa": 95, "spd": 110, "spe": 65}, "stats": {"hp": 263, "atk": 285, "def": 159, "spa": 222, "spd": 249, "spe": 168}, "types": ["Fire"]}, "Pelipper": {"name": "Pelipper", "species": "Pelipper", "speciesId": "pelipper", "gender": "F", "shiny": false, "level": 86, "moves": ["hurricane", "hydropump", "uturn", "weatherball"], "ability": "Drizzle", "evs": {"hp": 85, "atk": 85, "def": 85, "spa": 85, "spd": 85, "spe": 85}, "ivs": {"hp": 31, "atk": 31, "def": 31, "spa": 31, "spd": 31, "spe": 31}, "item": "Choice Specs", "teraType": "Water", "role": "Wallbreaker", "bvs": {"hp": 60, "atk": 50, "def": 100, "spa": 95, "spd": 70, "spe": 65}, "stats": {"hp": 243, "atk": 135, "def": 221, "spa": 213, "spd": 170, "spe": 161}, "types": ["Water", "Flying"]}}]}