{"id": "gen9randombattle-2641668144", "format": "[Gen 9] Random Battle", "players": ["pelicano17", "penguinpower62"], "log": "|j|\u2606pelicano17\n|j|\u2606penguinpower62\n|t:|1782827403\n|gametype|singles\n|player|p1|pelicano17|skyla|2081\n|player|p2|penguinpower62|265|1989\n|gen|9\n|tier|[Gen 9] Random Battle\n|rated|\n|rule|Species Clause: Limit one of each Pok\u00e9mon\n|rule|HP Percentage Mod: HP is shown in percentages\n|rule|Sleep Clause Mod: Limit one foe put to sleep\n|rule|Illusion Level Mod: Illusion disguises the Pok\u00e9mon's true level\n|\n|t:|1782827403\n|teamsize|p1|6\n|teamsize|p2|6\n|start\n|switch|p1a: Pecharunt|Pecharunt, L77|262/262\n|switch|p2a: Arboliva|Arboliva, L91, F|290/290\n|turn|1\n|inactive|Battle timer is ON: inactive players will automatically lose when time's up. (requested by penguinpower62)\n|inactive|penguinpower62 has 120 seconds left.\n|\n|t:|1782827448\n|switch|p2a: Komala|Komala, L88, F|258/258\n|-ability|p2a: Komala|Comatose\n|move|p1a: Pecharunt|Malignant Chain|p2a: Komala\n|-damage|p2a: Komala|210/258\n|\n|upkeep\n|turn|2\n|\n|t:|1782827465\n|move|p1a: Pecharunt|Parting Shot|p2a: Komala\n|-unboost|p2a: Komala|atk|1\n|-unboost|p2a: Komala|spa|1\n|\n|t:|1782827481\n|switch|p1a: Gogoat|Gogoat, L88, M|360/360|[from] Parting Shot\n|move|p2a: Komala|Knock Off|p1a: Gogoat\n|-damage|p1a: Gogoat|288/360\n|-enditem|p1a: Gogoat|Leftovers|[from] move: Knock Off|[of] p2a: Komala\n|\n|upkeep\n|turn|3\n|\n|t:|1782827493\n|switch|p2a: Munkidori|Munkidori, L79, M|269/269\n|move|p1a: Gogoat|Horn Leech|p2a: Munkidori\n|-resisted|p2a: Munkidori\n|-damage|p2a: Munkidori|210/269\n|-heal|p1a: Gogoat|318/360|[from] drain|[of] p2a: Munkidori\n|\n|upkeep\n|turn|4\n|\n|t:|1782827502\n|switch|p1a: Iron Crown|Iron Crown, L78|268/268\n|move|p2a: Munkidori|U-turn|p1a: Iron Crown\n|-crit|p1a: Iron Crown\n|-damage|p1a: Iron Crown|217/268\n|\n|t:|1782827509\n|switch|p2a: Basculegion|Basculegion, L80, M|323/323|[from] U-turn\n|\n|upkeep\n|turn|5\n|\n|t:|1782827517\n|move|p1a: Iron Crown|Volt Switch|p2a: Basculegion\n|-supereffective|p2a: Basculegion\n|-damage|p2a: Basculegion|191/323\n|\n|t:|1782827526\n|-end|p1a: Iron Crown|Quark Drive|[silent]\n|switch|p1a: Gogoat|Gogoat, L88, M|318/360|[from] Volt Switch\n|move|p2a: Basculegion|Flip Turn|p1a: Gogoat\n|-resisted|p1a: Gogoat\n|-damage|p1a: Gogoat|267/360\n|\n|t:|1782827535\n|switch|p2a: Munkidori|Munkidori, L79, M|210/269|[from] Flip Turn\n|\n|upkeep\n|turn|6\n|\n|t:|1782827545\n|move|p2a: Munkidori|U-turn|p1a: Gogoat\n|-supereffective|p1a: Gogoat\n|-damage|p1a: Gogoat|181/360\n|-status|p1a: Gogoat|tox|[from] ability: Toxic Chain|[of] p2a: Munkidori\n|\n|t:|1782827549\n|switch|p2a: Arboliva|Arboliva, L91, F|290/290|[from] U-turn\n|move|p1a: Gogoat|Horn Leech|p2a: Arboliva\n|-resisted|p2a: Arboliva\n|-damage|p2a: Arboliva|251/290\n|-heal|p1a: Gogoat|201/360 tox|[from] drain|[of] p2a: Arboliva\n|-fieldstart|move: Grassy Terrain|[from] ability: Seed Sower|[of] p2a: Arboliva\n|\n|-heal|p1a: Gogoat|223/360 tox|[from] Grassy Terrain\n|-heal|p2a: Arboliva|269/290|[from] Grassy Terrain\n|-heal|p2a: Arboliva|287/290|[from] item: Leftovers\n|-damage|p1a: Gogoat|201/360 tox|[from] psn\n|upkeep\n|turn|7\n|\n|t:|1782827558\n|switch|p1a: Pecharunt|Pecharunt, L77|262/262\n|move|p2a: Arboliva|Strength Sap|p1a: Pecharunt\n|-unboost|p1a: Pecharunt|atk|1\n|-heal|p2a: Arboliva|290/290\n|\n|upkeep\n|turn|8\n|\n|t:|1782827569\n|switch|p2a: Komala|Komala, L88, F|210/258\n|-ability|p2a: Komala|Comatose\n|move|p1a: Pecharunt|Malignant Chain|p2a: Komala\n|-damage|p2a: Komala|156/258\n|\n|-heal|p2a: Komala|172/258|[from] Grassy Terrain\n|upkeep\n|turn|9\n|\n|t:|1782827583\n|move|p1a: Pecharunt|Parting Shot|p2a: Komala\n|-unboost|p2a: Komala|atk|1\n|-unboost|p2a: Komala|spa|1\n|\n|t:|1782827586\n|switch|p1a: Gogoat|Gogoat, L88, M|201/360 tox|[from] Parting Shot\n|move|p2a: Komala|Knock Off|p1a: Gogoat\n|-damage|p1a: Gogoat|152/360 tox\n|\n|-heal|p1a: Gogoat|174/360 tox|[from] Grassy Terrain\n|-heal|p2a: Komala|188/258|[from] Grassy Terrain\n|-damage|p1a: Gogoat|152/360 tox|[from] psn\n|upkeep\n|turn|10\n|\n|t:|1782827594\n|switch|p2a: Arboliva|Arboliva, L91, F|290/290\n|move|p1a: Gogoat|Horn Leech|p2a: Arboliva\n|-resisted|p2a: Arboliva\n|-damage|p2a: Arboliva|233/290\n|-heal|p1a: Gogoat|181/360 tox|[from] drain|[of] p2a: Arboliva\n|\n|-heal|p1a: Gogoat|203/360 tox|[from] Grassy Terrain\n|-heal|p2a: Arboliva|251/290|[from] Grassy Terrain\n|-heal|p2a: Arboliva|269/290|[from] item: Leftovers\n|-damage|p1a: Gogoat|159/360 tox|[from] psn\n|-fieldend|move: Grassy Terrain\n|upkeep\n|turn|11\n|\n|t:|1782827608\n|move|p1a: Gogoat|Milk Drink|p1a: Gogoat\n|-heal|p1a: Gogoat|339/360 tox\n|move|p2a: Arboliva|Earth Power|p1a: Gogoat\n|-resisted|p1a: Gogoat\n|-damage|p1a: Gogoat|295/360 tox\n|\n|-heal|p2a: Arboliva|287/290|[from] item: Leftovers\n|-damage|p1a: Gogoat|229/360 tox|[from] psn\n|upkeep\n|turn|12\n|\n|t:|1782827631\n|switch|p1a: Hydrapple|Hydrapple, L83, F|312/312\n|move|p2a: Arboliva|Hyper Voice|p1a: Hydrapple\n|-damage|p1a: Hydrapple|155/312\n|\n|-heal|p2a: Arboliva|290/290|[from] item: Leftovers\n|-heal|p1a: Hydrapple|174/312|[from] item: Leftovers\n|upkeep\n|turn|13\n|\n|t:|1782827647\n|switch|p2a: Scream Tail|Scream Tail, L84|330/330\n|move|p1a: Hydrapple|Recover|p1a: Hydrapple\n|-heal|p1a: Hydrapple|312/312\n|\n|upkeep\n|turn|14\n|\n|t:|1782827659\n|switch|p1a: Pecharunt|Pecharunt, L77|262/262\n|move|p2a: Scream Tail|Wish|p2a: Scream Tail\n|\n|upkeep\n|turn|15\n|\n|t:|1782827669\n|-end|p2a: Scream Tail|Protosynthesis|[silent]\n|switch|p2a: Komala|Komala, L88, F|188/258\n|-ability|p2a: Komala|Comatose\n|switch|p1a: Gogoat|Gogoat, L88, M|229/360 tox\n|\n|-heal|p2a: Komala|258/258|[from] move: Wish|[wisher] Scream Tail\n|-damage|p1a: Gogoat|207/360 tox|[from] psn\n|upkeep\n|turn|16\n|\n|t:|1782827689\n|switch|p2a: Munkidori|Munkidori, L79, M|210/269\n|move|p1a: Gogoat|Horn Leech|p2a: Munkidori\n|-resisted|p2a: Munkidori\n|-damage|p2a: Munkidori|147/269\n|-heal|p1a: Gogoat|239/360 tox|[from] drain|[of] p2a: Munkidori\n|\n|-damage|p1a: Gogoat|195/360 tox|[from] psn\n|upkeep\n|turn|17\n|\n|t:|1782827703\n|move|p2a: Munkidori|U-turn|p1a: Gogoat\n|-supereffective|p1a: Gogoat\n|-damage|p1a: Gogoat|101/360 tox\n|\n|t:|1782827711\n|switch|p2a: Scream Tail|Scream Tail, L84|330/330|[from] U-turn\n|move|p1a: Gogoat|Milk Drink|p1a: Gogoat\n|-heal|p1a: Gogoat|281/360 tox\n|\n|-damage|p1a: Gogoat|215/360 tox|[from] psn\n|upkeep\n|turn|18\n|\n|t:|1782827722\n|move|p2a: Scream Tail|Wish|p2a: Scream Tail\n|move|p1a: Gogoat|Horn Leech|p2a: Scream Tail\n|-damage|p2a: Scream Tail|245/330\n|-heal|p1a: Gogoat|258/360 tox|[from] drain|[of] p2a: Scream Tail\n|\n|-heal|p2a: Scream Tail|265/330|[from] item: Leftovers\n|-damage|p1a: Gogoat|170/360 tox|[from] psn\n|upkeep\n|turn|19\n|\n|t:|1782827732\n|-end|p2a: Scream Tail|Protosynthesis|[silent]\n|switch|p2a: Munkidori|Munkidori, L79, M|147/269\n|switch|p1a: Iron Crown|Iron Crown, L78|217/268\n|\n|-heal|p2a: Munkidori|269/269|[from] move: Wish|[wisher] Scream Tail\n|upkeep\n|turn|20\n|inactive|pelicano17 has 120 seconds left.\n|\n|t:|1782827775\n|move|p2a: Munkidori|U-turn|p1a: Iron Crown\n|-damage|p1a: Iron Crown|182/268\n|\n|t:|1782827780\n|switch|p2a: Arboliva|Arboliva, L91, F|290/290|[from] U-turn\n|move|p1a: Iron Crown|Tachyon Cutter|p2a: Arboliva\n|-damage|p2a: Arboliva|226/290\n|-fieldstart|move: Grassy Terrain|[from] ability: Seed Sower|[of] p2a: Arboliva\n|-damage|p2a: Arboliva|165/290\n|-hitcount|p2a: Arboliva|2\n|\n|-heal|p1a: Iron Crown|198/268|[from] Grassy Terrain\n|-heal|p2a: Arboliva|183/290|[from] Grassy Terrain\n|-heal|p2a: Arboliva|201/290|[from] item: Leftovers\n|upkeep\n|turn|21\n|inactive|pelicano17 has 120 seconds left.\n|\n|t:|1782827795\n|-end|p1a: Iron Crown|Quark Drive|[silent]\n|switch|p1a: Hydrapple|Hydrapple, L83, F|312/312\n|move|p2a: Arboliva|Strength Sap|p1a: Hydrapple\n|-unboost|p1a: Hydrapple|atk|1\n|-heal|p2a: Arboliva|290/290\n|\n|upkeep\n|turn|22\n|\n|t:|1782827801\n|move|p2a: Arboliva|Hyper Voice|p1a: Hydrapple\n|-damage|p1a: Hydrapple|161/312\n|move|p1a: Hydrapple|Nasty Plot|p1a: Hydrapple\n|-boost|p1a: Hydrapple|spa|2\n|\n|-heal|p1a: Hydrapple|180/312|[from] Grassy Terrain\n|-heal|p1a: Hydrapple|199/312|[from] item: Leftovers\n|upkeep\n|turn|23\n|\n|t:|1782827812\n|switch|p2a: Scream Tail|Scream Tail, L84|265/330\n|move|p1a: Hydrapple|Recover|p1a: Hydrapple\n|-heal|p1a: Hydrapple|312/312\n|\n|-heal|p2a: Scream Tail|285/330|[from] Grassy Terrain\n|-heal|p2a: Scream Tail|305/330|[from] item: Leftovers\n|upkeep\n|turn|24\n|\n|t:|1782827817\n|move|p2a: Scream Tail|Encore|p1a: Hydrapple\n|-start|p1a: Hydrapple|Encore\n|move|p1a: Hydrapple|Recover||[still]\n|-fail|p1a: Hydrapple|heal\n|\n|-heal|p2a: Scream Tail|325/330|[from] Grassy Terrain\n|-heal|p2a: Scream Tail|330/330|[from] item: Leftovers\n|-fieldend|move: Grassy Terrain\n|upkeep\n|turn|25\n|\n|t:|1782827826\n|switch|p1a: Iron Crown|Iron Crown, L78|198/268\n|move|p2a: Scream Tail|Wish|p2a: Scream Tail\n|\n|upkeep\n|turn|26\n|\n|t:|1782827833\n|-end|p2a: Scream Tail|Protosynthesis|[silent]\n|switch|p2a: Basculegion|Basculegion, L80, M|191/323\n|move|p1a: Iron Crown|Tachyon Cutter|p2a: Basculegion\n|-resisted|p2a: Basculegion\n|-damage|p2a: Basculegion|158/323\n|-resisted|p2a: Basculegion\n|-damage|p2a: Basculegion|125/323\n|-hitcount|p2a: Basculegion|2\n|\n|-heal|p2a: Basculegion|290/323|[from] move: Wish|[wisher] Scream Tail\n|upkeep\n|turn|27\n|\n|t:|1782827848\n|-end|p1a: Iron Crown|Quark Drive|[silent]\n|switch|p1a: Hydrapple|Hydrapple, L83, F|312/312\n|move|p2a: Basculegion|Flip Turn|p1a: Hydrapple\n|-resisted|p1a: Hydrapple\n|-damage|p1a: Hydrapple|295/312\n|\n|t:|1782827858\n|switch|p2a: Walking Wake|Walking Wake, L79|286/286|[from] Flip Turn\n|\n|-heal|p1a: Hydrapple|312/312|[from] item: Leftovers\n|upkeep\n|turn|28\n|\n|t:|1782827868\n|move|p2a: Walking Wake|Sunny Day|p2a: Walking Wake\n|-weather|SunnyDay\n|-activate|p2a: Walking Wake|ability: Protosynthesis\n|-start|p2a: Walking Wake|protosynthesisspa\n|move|p1a: Hydrapple|Fickle Beam|p2a: Walking Wake\n|-supereffective|p2a: Walking Wake\n|-damage|p2a: Walking Wake|62/286\n|\n|-weather|SunnyDay|[upkeep]\n|upkeep\n|turn|29\n|\n|t:|1782827880\n|switch|p1a: Gogoat|Gogoat, L88, M|170/360 tox\n|move|p2a: Walking Wake|Draco Meteor|p1a: Gogoat\n|-damage|p1a: Gogoat|0 fnt\n|-unboost|p2a: Walking Wake|spa|2\n|faint|p1a: Gogoat\n|-damage|p2a: Walking Wake|34/286|[from] item: Life Orb\n|\n|-weather|SunnyDay|[upkeep]\n|upkeep\n|c|\u2606penguinpower62|Wp\n|\n|t:|1782827890\n|switch|p1a: Medicham|Medicham, L86, M|243/243\n|turn|30\n|\n|t:|1782827893\n|-end|p2a: Walking Wake|Protosynthesis|[silent]\n|switch|p2a: Scream Tail|Scream Tail, L84|330/330\n|-activate|p2a: Scream Tail|ability: Protosynthesis\n|-start|p2a: Scream Tail|protosynthesisspd\n|move|p1a: Medicham|Bullet Punch|p2a: Scream Tail\n|-supereffective|p2a: Scream Tail\n|-damage|p2a: Scream Tail|222/330\n|\n|-weather|SunnyDay|[upkeep]\n|-heal|p2a: Scream Tail|242/330|[from] item: Leftovers\n|upkeep\n|turn|31\n|\n|t:|1782827914\n|switch|p1a: Iron Crown|Iron Crown, L78|198/268\n|move|p2a: Scream Tail|Wish|p2a: Scream Tail\n|\n|-weather|SunnyDay|[upkeep]\n|-heal|p2a: Scream Tail|262/330|[from] item: Leftovers\n|upkeep\n|turn|32\n|\n|t:|1782827918\n|-end|p2a: Scream Tail|Protosynthesis|[silent]\n|switch|p2a: Basculegion|Basculegion, L80, M|290/323\n|move|p1a: Iron Crown|Tachyon Cutter|p2a: Basculegion\n|-resisted|p2a: Basculegion\n|-damage|p2a: Basculegion|260/323\n|-resisted|p2a: Basculegion\n|-damage|p2a: Basculegion|225/323\n|-hitcount|p2a: Basculegion|2\n|\n|-weather|none\n|-heal|p2a: Basculegion|323/323|[from] move: Wish|[wisher] Scream Tail\n|upkeep\n|turn|33\n|\n|t:|1782827934\n|-end|p1a: Iron Crown|Quark Drive|[silent]\n|switch|p1a: Hydrapple|Hydrapple, L83, F|312/312\n|move|p2a: Basculegion|Flip Turn|p1a: Hydrapple\n|-resisted|p1a: Hydrapple\n|-damage|p1a: Hydrapple|295/312\n|\n|t:|1782827948\n|switch|p2a: Munkidori|Munkidori, L79, M|269/269|[from] Flip Turn\n|\n|-heal|p1a: Hydrapple|312/312|[from] item: Leftovers\n|upkeep\n|turn|34\n|c|\u2606pelicano17|?\n|\n|t:|1782827962\n|switch|p1a: Iron Crown|Iron Crown, L78|198/268\n|move|p2a: Munkidori|Sludge Wave|p1a: Iron Crown\n|-immune|p1a: Iron Crown\n|\n|upkeep\n|turn|35\n|\n|t:|1782827976\n|switch|p2a: Basculegion|Basculegion, L80, M|323/323\n|move|p1a: Iron Crown|Volt Switch|p2a: Basculegion\n|-supereffective|p2a: Basculegion\n|-crit|p2a: Basculegion\n|-damage|p2a: Basculegion|131/323\n|\n|t:|1782827988\n|-end|p1a: Iron Crown|Quark Drive|[silent]\n|switch|p1a: Pecharunt|Pecharunt, L77|262/262|[from] Volt Switch\n|\n|upkeep\n|turn|36\n|\n|t:|1782827995\n|switch|p2a: Komala|Komala, L88, F|258/258\n|-ability|p2a: Komala|Comatose\n|move|p1a: Pecharunt|Shadow Ball|p2a: Komala\n|-immune|p2a: Komala\n|\n|upkeep\n|turn|37\n|\n|t:|1782828012\n|move|p1a: Pecharunt|Parting Shot|p2a: Komala\n|-unboost|p2a: Komala|atk|1\n|-unboost|p2a: Komala|spa|1\n|\n|t:|1782828015\n|switch|p1a: Hydrapple|Hydrapple, L83, F|312/312|[from] Parting Shot\n|move|p2a: Komala|Knock Off|p1a: Hydrapple\n|-damage|p1a: Hydrapple|260/312\n|-enditem|p1a: Hydrapple|Leftovers|[from] move: Knock Off|[of] p2a: Komala\n|\n|upkeep\n|turn|38\n|\n|t:|1782828031\n|switch|p2a: Scream Tail|Scream Tail, L84|262/330\n|move|p1a: Hydrapple|Giga Drain|p2a: Scream Tail\n|-damage|p2a: Scream Tail|190/330\n|-heal|p1a: Hydrapple|296/312|[from] drain|[of] p2a: Scream Tail\n|\n|-heal|p2a: Scream Tail|210/330|[from] item: Leftovers\n|upkeep\n|turn|39\n|\n|t:|1782828053\n|switch|p1a: Pecharunt|Pecharunt, L77|262/262\n|move|p2a: Scream Tail|Wish|p2a: Scream Tail\n|\n|-heal|p2a: Scream Tail|230/330|[from] item: Leftovers\n|upkeep\n|turn|40\n|\n|t:|1782828067\n|move|p2a: Scream Tail|Protect|p2a: Scream Tail\n|-singleturn|p2a: Scream Tail|Protect\n|move|p1a: Pecharunt|Shadow Ball|p2a: Scream Tail\n|-activate|p2a: Scream Tail|move: Protect\n|\n|-heal|p2a: Scream Tail|330/330|[from] move: Wish|[wisher] Scream Tail\n|upkeep\n|turn|41\n|\n|t:|1782828075\n|move|p2a: Scream Tail|Wish|p2a: Scream Tail\n|move|p1a: Pecharunt|Malignant Chain|p2a: Scream Tail\n|-supereffective|p2a: Scream Tail\n|-damage|p2a: Scream Tail|192/330\n|-status|p2a: Scream Tail|tox\n|-start|p2a: Scream Tail|confusion|[from] ability: Poison Puppeteer|[of] p1a: Pecharunt\n|\n|-heal|p2a: Scream Tail|212/330 tox|[from] item: Leftovers\n|-damage|p2a: Scream Tail|192/330 tox|[from] psn\n|upkeep\n|turn|42\n|\n|t:|1782828080\n|-end|p2a: Scream Tail|Protosynthesis|[silent]\n|switch|p2a: Komala|Komala, L88, F|258/258\n|-ability|p2a: Komala|Comatose\n|move|p1a: Pecharunt|Shadow Ball|p2a: Komala\n|-immune|p2a: Komala\n|\n|upkeep\n|turn|43\n|\n|t:|1782828086\n|move|p1a: Pecharunt|Parting Shot|p2a: Komala\n|-unboost|p2a: Komala|atk|1\n|-unboost|p2a: Komala|spa|1\n|\n|t:|1782828090\n|switch|p1a: Hydrapple|Hydrapple, L83, F|312/312|[from] Parting Shot\n|move|p2a: Komala|Body Slam|p1a: Hydrapple\n|-damage|p1a: Hydrapple|245/312\n|-status|p1a: Hydrapple|par\n|\n|upkeep\n|turn|44\n|\n|t:|1782828101\n|switch|p2a: Munkidori|Munkidori, L79, M|269/269\n|switch|p1a: Pecharunt|Pecharunt, L77|262/262\n|\n|upkeep\n|turn|45\n|\n|t:|1782828111\n|move|p2a: Munkidori|Psyshock|p1a: Pecharunt\n|-supereffective|p1a: Pecharunt\n|-damage|p1a: Pecharunt|74/262\n|move|p1a: Pecharunt|Shadow Ball|p2a: Munkidori\n|-supereffective|p2a: Munkidori\n|-damage|p2a: Munkidori|125/269\n|\n|-heal|p1a: Pecharunt|90/262|[from] item: Leftovers\n|upkeep\n|turn|46\n|\n|t:|1782828126\n|switch|p2a: Scream Tail|Scream Tail, L84|192/330 tox\n|switch|p1a: Iron Crown|Iron Crown, L78|198/268\n|\n|-heal|p2a: Scream Tail|212/330 tox|[from] item: Leftovers\n|-damage|p2a: Scream Tail|192/330 tox|[from] psn\n|upkeep\n|turn|47\n|\n|t:|1782828133\n|move|p2a: Scream Tail|Protect|p2a: Scream Tail\n|-singleturn|p2a: Scream Tail|Protect\n|move|p1a: Iron Crown|Tachyon Cutter|p2a: Scream Tail\n|-activate|p2a: Scream Tail|move: Protect\n|\n|-heal|p2a: Scream Tail|212/330 tox|[from] item: Leftovers\n|-damage|p2a: Scream Tail|172/330 tox|[from] psn\n|upkeep\n|turn|48\n|inactive|penguinpower62 has 120 seconds left.\n|\n|t:|1782828189\n|-end|p2a: Scream Tail|Protosynthesis|[silent]\n|switch|p2a: Komala|Komala, L88, F|258/258\n|-ability|p2a: Komala|Comatose\n|move|p1a: Iron Crown|Tachyon Cutter|p2a: Komala\n|-damage|p2a: Komala|204/258\n|-damage|p2a: Komala|152/258\n|-hitcount|p2a: Komala|2\n|\n|upkeep\n|turn|49\n|\n|t:|1782828203\n|-end|p1a: Iron Crown|Quark Drive|[silent]\n|switch|p1a: Hydrapple|Hydrapple, L83, F|312/312 par\n|move|p2a: Komala|Knock Off|p1a: Hydrapple\n|-damage|p1a: Hydrapple|264/312 par\n|\n|upkeep\n|turn|50\n|\n|t:|1782828211\n|switch|p2a: Scream Tail|Scream Tail, L84|172/330 tox\n|switch|p1a: Pecharunt|Pecharunt, L77|90/262\n|\n|-heal|p2a: Scream Tail|192/330 tox|[from] item: Leftovers\n|-heal|p1a: Pecharunt|106/262|[from] item: Leftovers\n|-damage|p2a: Scream Tail|172/330 tox|[from] psn\n|upkeep\n|turn|51\n|\n|t:|1782828218\n|move|p2a: Scream Tail|Protect|p2a: Scream Tail\n|-singleturn|p2a: Scream Tail|Protect\n|move|p1a: Pecharunt|Malignant Chain|p2a: Scream Tail\n|-activate|p2a: Scream Tail|move: Protect\n|\n|-heal|p2a: Scream Tail|192/330 tox|[from] item: Leftovers\n|-heal|p1a: Pecharunt|122/262|[from] item: Leftovers\n|-damage|p2a: Scream Tail|152/330 tox|[from] psn\n|upkeep\n|turn|52\n|inactive|penguinpower62 has 120 seconds left.\n|\n|t:|1782828246\n|-end|p2a: Scream Tail|Protosynthesis|[silent]\n|switch|p2a: Munkidori|Munkidori, L79, M|125/269\n|move|p1a: Pecharunt|Malignant Chain|p2a: Munkidori\n|-resisted|p2a: Munkidori\n|-damage|p2a: Munkidori|78/269\n|\n|-heal|p1a: Pecharunt|138/262|[from] item: Leftovers\n|upkeep\n|turn|53\n|inactive|pelicano17 has 120 seconds left.\n|\n|t:|1782828277\n|switch|p1a: Iron Crown|Iron Crown, L78|198/268\n|move|p2a: Munkidori|U-turn|p1a: Iron Crown\n|-damage|p1a: Iron Crown|163/268\n|\n|t:|1782828280\n|switch|p2a: Walking Wake|Walking Wake, L79|34/286|[from] U-turn\n|\n|upkeep\n|turn|54\n|inactive|penguinpower62 has 120 seconds left.\n|\n|t:|1782828292\n|-end|p1a: Iron Crown|Quark Drive|[silent]\n|switch|p1a: Hydrapple|Hydrapple, L83, F|312/312 par\n|move|p2a: Walking Wake|Draco Meteor|p1a: Hydrapple\n|-supereffective|p1a: Hydrapple\n|-damage|p1a: Hydrapple|0 fnt\n|-unboost|p2a: Walking Wake|spa|2\n|faint|p1a: Hydrapple\n|-damage|p2a: Walking Wake|6/286|[from] item: Life Orb\n|\n|upkeep\n|c|\u2606penguinpower62|Huge\n|c|\u2606pelicano17|wp\n|inactive|pelicano17 has 120 seconds left.\n|\n|t:|1782828304\n|switch|p1a: Zekrom|Zekrom, L71|259/259\n|-ability|p1a: Zekrom|Teravolt\n|turn|55\n|inactive|penguinpower62 has 120 seconds left.\n|\n|t:|1782828315\n|move|p2a: Walking Wake|Draco Meteor|p1a: Zekrom\n|-supereffective|p1a: Zekrom\n|-damage|p1a: Zekrom|54/259\n|-unboost|p2a: Walking Wake|spa|2\n|-damage|p2a: Walking Wake|0 fnt|[from] item: Life Orb\n|faint|p2a: Walking Wake\n|-end|p2a: Walking Wake|Protosynthesis|[silent]\n|move|p1a: Zekrom|Dragon Dance|p1a: Zekrom\n|-boost|p1a: Zekrom|atk|1\n|-boost|p1a: Zekrom|spe|1\n|\n|-heal|p1a: Zekrom|70/259|[from] item: Leftovers\n|upkeep\n|inactive|penguinpower62 has 120 seconds left.\n|\n|t:|1782828321\n|switch|p2a: Arboliva|Arboliva, L91, F|290/290\n|turn|56\n|\n|t:|1782828327\n|move|p1a: Zekrom|Outrage|p2a: Arboliva\n|-crit|p2a: Arboliva\n|-damage|p2a: Arboliva|1/290\n|-fieldstart|move: Grassy Terrain|[from] ability: Seed Sower|[of] p2a: Arboliva\n|move|p2a: Arboliva|Earth Power|p1a: Zekrom\n|-supereffective|p1a: Zekrom\n|-crit|p1a: Zekrom\n|-damage|p1a: Zekrom|0 fnt\n|faint|p1a: Zekrom\n|\n|-heal|p2a: Arboliva|19/290|[from] Grassy Terrain\n|-heal|p2a: Arboliva|37/290|[from] item: Leftovers\n|upkeep\n|\n|t:|1782828344\n|switch|p1a: Iron Crown|Iron Crown, L78|163/268\n|turn|57\n|\n|t:|1782828351\n|move|p1a: Iron Crown|Tachyon Cutter|p2a: Arboliva\n|-damage|p2a: Arboliva|0 fnt\n|faint|p2a: Arboliva\n|-hitcount|p2: Arboliva|1\n|\n|-heal|p1a: Iron Crown|179/268|[from] Grassy Terrain\n|upkeep\n|\n|t:|1782828354\n|switch|p2a: Basculegion|Basculegion, L80, M|131/323\n|turn|58\n|\n|t:|1782828364\n|-end|p1a: Iron Crown|Quark Drive|[silent]\n|switch|p1a: Medicham|Medicham, L86, M|243/243\n|move|p2a: Basculegion|Shadow Ball|p1a: Medicham\n|-supereffective|p1a: Medicham\n|-crit|p1a: Medicham\n|-damage|p1a: Medicham|0 fnt\n|faint|p1a: Medicham\n|\n|-heal|p2a: Basculegion|151/323|[from] Grassy Terrain\n|upkeep\n|\n|t:|1782828368\n|switch|p1a: Pecharunt|Pecharunt, L77|138/262\n|turn|59\n|\n|t:|1782828373\n|switch|p2a: Komala|Komala, L88, F|152/258\n|-ability|p2a: Komala|Comatose\n|move|p1a: Pecharunt|Shadow Ball|p2a: Komala\n|-immune|p2a: Komala\n|\n|-heal|p1a: Pecharunt|154/262|[from] Grassy Terrain\n|-heal|p1a: Pecharunt|170/262|[from] item: Leftovers\n|-heal|p2a: Komala|168/258|[from] Grassy Terrain\n|upkeep\n|turn|60\n|\n|t:|1782828387\n|-terastallize|p1a: Pecharunt|Dark\n|move|p1a: Pecharunt|Malignant Chain|p2a: Komala\n|-damage|p2a: Komala|113/258\n|move|p2a: Komala|Earthquake|p1a: Pecharunt\n|-damage|p1a: Pecharunt|138/262\n|\n|-heal|p1a: Pecharunt|154/262|[from] Grassy Terrain\n|-heal|p1a: Pecharunt|170/262|[from] item: Leftovers\n|-heal|p2a: Komala|129/258|[from] Grassy Terrain\n|-fieldend|move: Grassy Terrain\n|upkeep\n|turn|61\n|\n|t:|1782828395\n|move|p1a: Pecharunt|Malignant Chain|p2a: Komala\n|-damage|p2a: Komala|78/258\n|move|p2a: Komala|Knock Off|p1a: Pecharunt\n|-resisted|p1a: Pecharunt\n|-damage|p1a: Pecharunt|143/262\n|-enditem|p1a: Pecharunt|Leftovers|[from] move: Knock Off|[of] p2a: Komala\n|\n|upkeep\n|turn|62\n|\n|t:|1782828401\n|move|p1a: Pecharunt|Malignant Chain|p2a: Komala\n|-damage|p2a: Komala|24/258\n|move|p2a: Komala|Rapid Spin|p1a: Pecharunt\n|-damage|p1a: Pecharunt|97/262\n|-boost|p2a: Komala|spe|1\n|\n|upkeep\n|turn|63\n|\n|t:|1782828406\n|move|p2a: Komala|Body Slam|p1a: Pecharunt\n|-damage|p1a: Pecharunt|22/262\n|-status|p1a: Pecharunt|par\n|move|p1a: Pecharunt|Recover|p1a: Pecharunt\n|-heal|p1a: Pecharunt|153/262 par\n|\n|upkeep\n|turn|64\n|\n|t:|1782828422\n|move|p2a: Komala|Body Slam|p1a: Pecharunt\n|-damage|p1a: Pecharunt|75/262 par\n|cant|p1a: Pecharunt|par\n|\n|upkeep\n|turn|65\n|\n|t:|1782828449\n|move|p2a: Komala|Body Slam|p1a: Pecharunt\n|-damage|p1a: Pecharunt|0 fnt\n|faint|p1a: Pecharunt\n|\n|upkeep\n|\n|t:|1782828452\n|switch|p1a: Iron Crown|Iron Crown, L78|179/268\n|turn|66\n|c|\u2606pelicano17|gg\n|\n|t:|1782828456\n|move|p2a: Komala|Earthquake|p1a: Iron Crown\n|-supereffective|p1a: Iron Crown\n|-damage|p1a: Iron Crown|7/268\n|move|p1a: Iron Crown|Tachyon Cutter|p2a: Komala\n|-damage|p2a: Komala|0 fnt\n|faint|p2a: Komala\n|-hitcount|p2: Komala|1\n|\n|upkeep\n|\n|t:|1782828459\n|switch|p2a: Munkidori|Munkidori, L79, M|78/269\n|turn|67\n|\n|t:|1782828462\n|move|p2a: Munkidori|U-turn|p1a: Iron Crown\n|-damage|p1a: Iron Crown|0 fnt\n|faint|p1a: Iron Crown\n|-end|p1a: Iron Crown|Quark Drive|[silent]\n|\n|win|penguinpower62\n", "inputlog": ">version f8ac14003a5f27e1bdc8d8c59608a773c1cb96e5\n>start {\"formatid\":\"gen9randombattle\",\"seed\":\"sodium,e1181579f9704a2b3b1d0b0c9144aacc\",\"rated\":\"Rated battle\"}\n>player p1 {\"name\":\"pelicano17\",\"avatar\":\"skyla\",\"rating\":2081,\"seed\":\"sodium,c2a12904013a1c4c37482f4fdd39e673\"}\n>player p2 {\"name\":\"penguinpower62\",\"avatar\":\"265\",\"rating\":1989,\"seed\":\"sodium,bfcbdd3f48b277b75103776d4dad456b\"}\n>p1 move malignantchain\n>p2 switch 4\n>p1 move partingshot\n>p2 move knockoff\n>p1 switch 2\n>p1 move hornleech\n>p2 switch 6\n>p1 switch 6\n>p2 move uturn\n>p2 switch 5\n>p1 move voltswitch\n>p2 move flipturn\n>p1 switch 6\n>p2 switch 5\n>p1 move hornleech\n>p2 move uturn\n>p2 switch 4\n>p1 switch 2\n>p2 move strengthsap\n>p1 move malignantchain\n>p2 switch 6\n>p1 move partingshot\n>p2 move knockoff\n>p1 switch 2\n>p1 move hornleech\n>p2 switch 6\n>p1 move milkdrink\n>p2 move earthpower\n>p1 switch 4\n>p2 move hypervoice\n>p1 move recover\n>p2 switch 3\n>p1 switch 2\n>p2 move wish\n>p1 switch 4\n>p2 switch 6\n>p1 move hornleech\n>p2 switch 4\n>p1 move milkdrink\n>p2 move uturn\n>p2 switch 6\n>p1 move hornleech\n>p2 move wish\n>p1 switch 6\n>p2 switch 6\n>p1 move tachyoncutter\n>p2 move uturn\n>p2 switch 3\n>p1 switch 2\n>p2 move strengthsap\n>p1 move nastyplot\n>p2 move hypervoice\n>p1 move recover\n>p2 switch 6\n>p1 move gigadrain\n>p2 move encore\n>p1 switch 2\n>p2 move wish\n>p1 move tachyoncutter\n>p2 switch 5\n>p1 switch 2\n>p2 move flipturn\n>p2 switch 2\n>p1 move ficklebeam\n>p2 move sunnyday\n>p1 switch 6\n>p2 move dracometeor\n>chat \u2606penguinpower62|Wp\n>p1 switch 3\n>p1 move bulletpunch\n>p2 switch 5\n>p1 switch 2\n>p2 move wish\n>p1 move tachyoncutter\n>p2 switch 2\n>p1 switch 6\n>p2 move flipturn\n>p2 switch 3\n>chat \u2606pelicano17|?\n>p1 switch 6\n>p2 move sludgewave\n>p1 move voltswitch\n>p2 switch 3\n>p1 switch 4\n>p1 move shadowball\n>p2 switch 4\n>p1 move partingshot\n>p2 move knockoff\n>p1 switch 6\n>p1 move gigadrain\n>p2 switch 2\n>p1 switch 6\n>p2 move wish\n>p1 move shadowball\n>p2 move protect\n>p1 move malignantchain\n>p2 move wish\n>p1 move shadowball\n>p2 switch 2\n>p1 move partingshot\n>p2 move bodyslam\n>p1 switch 6\n>p1 switch 6\n>p2 switch 3\n>p1 move shadowball\n>p2 move psyshock\n>p1 switch 4\n>p2 switch 2\n>p1 move tachyoncutter\n>p2 move protect\n>p1 move tachyoncutter\n>p2 switch 3\n>p1 switch 6\n>p2 move knockoff\n>p1 switch 4\n>p2 switch 3\n>p1 move malignantchain\n>p2 move protect\n>p1 move malignantchain\n>p2 switch 2\n>p1 switch 6\n>p2 move uturn\n>p2 switch 5\n>p1 switch 4\n>p2 move dracometeor\n>chat \u2606penguinpower62|Huge\n>chat \u2606pelicano17|wp\n>p1 switch 5\n>p1 move dragondance\n>p2 move dracometeor\n>p2 switch 6\n>p1 move outrage\n>p2 move earthpower\n>p1 switch 4\n>p1 move tachyoncutter\n>p2 move strengthsap\n>p2 switch 4\n>p1 switch 2\n>p2 move shadowball\n>p1 switch 6\n>p1 move shadowball\n>p2 switch 3\n>p1 move malignantchain terastallize\n>p2 move earthquake\n>p1 move malignantchain\n>p2 move knockoff\n>p1 move malignantchain\n>p2 move rapidspin\n>p1 move recover\n>p2 move bodyslam\n>p1 move recover\n>p2 move bodyslam\n>p1 move recover\n>p2 move bodyslam\n>p1 switch 2\n>chat \u2606pelicano17|gg\n>p1 move tachyoncutter\n>p2 move earthquake\n>p2 switch 5\n>p1 move tachyoncutter\n>p2 move uturn", "uploadtime": 1782827405, "views": 7, "formatid": "gen9randombattle", "rating": null, "private": 0, "password": null, "player_dets": [{"name": "pelicano17", "avatar": "skyla", "rating": 2081, "seed": "sodium,c2a12904013a1c4c37482f4fdd39e673"}, {"name": "penguinpower62", "avatar": "265", "rating": 1989, "seed": "sodium,bfcbdd3f48b277b75103776d4dad456b"}], "teams_full": [{"Pecharunt": {"name": "Pecharunt", "species": "Pecharunt", "speciesId": "pecharunt", "gender": "N", "shiny": false, "level": 77, "moves": ["shadowball", "malignantchain", "partingshot", "recover"], "ability": "Poison Puppeteer", "evs": {"hp": 85, "atk": 0, "def": 85, "spa": 85, "spd": 85, "spe": 85}, "ivs": {"hp": 31, "atk": 0, "def": 31, "spa": 31, "spd": 31, "spe": 31}, "item": "Leftovers", "teraType": "Dark", "role": "Bulky Attacker", "bvs": {"hp": 88, "atk": 88, "def": 160, "spa": 88, "spd": 88, "spe": 88}, "stats": {"hp": 262, "atk": 140, "def": 291, "spa": 180, "spd": 180, "spe": 180}, "types": ["Poison", "Ghost"]}, "Gogoat": {"name": "Gogoat", "species": "Gogoat", "speciesId": "gogoat", "gender": "M", "shiny": false, "level": 88, "moves": ["milkdrink", "earthquake", "hornleech", "bulkup"], "ability": "Sap Sipper", "evs": {"hp": 85, "atk": 85, "def": 85, "spa": 85, "spd": 85, "spe": 85}, "ivs": {"hp": 31, "atk": 31, "def": 31, "spa": 31, "spd": 31, "spe": 31}, "item": "Leftovers", "teraType": "Ground", "role": "Bulky Setup", "bvs": {"hp": 123, "atk": 100, "def": 62, "spa": 97, "spd": 81, "spe": 68}, "stats": {"hp": 360, "atk": 226, "def": 159, "spa": 221, "spd": 193, "spe": 170}, "types": ["Grass"]}, "Medicham": {"name": "Medicham", "species": "Medicham", "speciesId": "medicham", "gender": "M", "shiny": false, "level": 86, "moves": ["zenheadbutt", "poisonjab", "bulletpunch", "closecombat"], "ability": "Pure Power", "evs": {"hp": 85, "atk": 85, "def": 85, "spa": 85, "spd": 85, "spe": 85}, "ivs": {"hp": 31, "atk": 31, "def": 31, "spa": 31, "spd": 31, "spe": 31}, "item": "Choice Band", "teraType": "Fighting", "role": "Fast Attacker", "bvs": {"hp": 60, "atk": 60, "def": 75, "spa": 60, "spd": 75, "spe": 80}, "stats": {"hp": 243, "atk": 152, "def": 178, "spa": 152, "spd": 178, "spe": 187}, "types": ["Fighting", "Psychic"]}, "Hydrapple": {"name": "Hydrapple", "species": "Hydrapple", "speciesId": "hydrapple", "gender": "F", "shiny": false, "level": 83, "moves": ["recover", "nastyplot", "gigadrain", "ficklebeam"], "ability": "Regenerator", "evs": {"hp": 85, "atk": 0, "def": 85, "spa": 85, "spd": 85, "spe": 85}, "ivs": {"hp": 31, "atk": 0, "def": 31, "spa": 31, "spd": 31, "spe": 31}, "item": "Leftovers", "teraType": "Steel", "role": "Fast Bulky Setup", "bvs": {"hp": 106, "atk": 80, "def": 110, "spa": 120, "spd": 80, "spe": 44}, "stats": {"hp": 312, "atk": 137, "def": 230, "spa": 247, "spd": 180, "spe": 121}, "types": ["Grass", "Dragon"]}, "Zekrom": {"name": "Zekrom", "species": "Zekrom", "speciesId": "zekrom", "gender": "N", "shiny": false, "level": 71, "moves": ["boltstrike", "substitute", "dragondance", "outrage"], "ability": "Teravolt", "evs": {"hp": 85, "atk": 85, "def": 85, "spa": 85, "spd": 85, "spe": 85}, "ivs": {"hp": 31, "atk": 31, "def": 31, "spa": 31, "spd": 31, "spe": 31}, "item": "Leftovers", "teraType": "Steel", "role": "Setup Sweeper", "bvs": {"hp": 100, "atk": 150, "def": 120, "spa": 120, "spd": 100, "spe": 90}, "stats": {"hp": 259, "atk": 254, "def": 212, "spa": 212, "spd": 183, "spe": 169}, "types": ["Dragon", "Electric"]}, "Iron Crown": {"name": "Iron Crown", "species": "Iron Crown", "speciesId": "ironcrown", "gender": "N", "shiny": false, "level": 78, "moves": ["tachyoncutter", "focusblast", "voltswitch", "psyshock"], "ability": "Quark Drive", "evs": {"hp": 85, "atk": 0, "def": 85, "spa": 85, "spd": 85, "spe": 85}, "ivs": {"hp": 31, "atk": 0, "def": 31, "spa": 31, "spd": 31, "spe": 31}, "item": "Choice Specs", "teraType": "Fighting", "role": "Wallbreaker", "bvs": {"hp": 90, "atk": 72, "def": 100, "spa": 122, "spd": 108, "spe": 98}, "stats": {"hp": 268, "atk": 117, "def": 201, "spa": 235, "spd": 214, "spe": 198}, "types": ["Steel", "Psychic"]}}, {"Arboliva": {"name": "Arboliva", "species": "Arboliva", "speciesId": "arboliva", "gender": "F", "shiny": false, "level": 91, "moves": ["hypervoice", "earthpower", "energyball", "strengthsap"], "ability": "Seed Sower", "evs": {"hp": 85, "atk": 0, "def": 85, "spa": 85, "spd": 85, "spe": 85}, "ivs": {"hp": 31, "atk": 0, "def": 31, "spa": 31, "spd": 31, "spe": 31}, "item": "Leftovers", "teraType": "Grass", "role": "Bulky Attacker", "bvs": {"hp": 78, "atk": 69, "def": 90, "spa": 125, "spd": 109, "spe": 39}, "stats": {"hp": 290, "atk": 130, "def": 216, "spa": 279, "spd": 250, "spe": 123}, "types": ["Grass", "Normal"]}, "Walking Wake": {"name": "Walking Wake", "species": "Walking Wake", "speciesId": "walkingwake", "gender": "N", "shiny": false, "level": 79, "moves": ["sunnyday", "dracometeor", "hydrosteam", "flamethrower"], "ability": "Protosynthesis", "evs": {"hp": 85, "atk": 0, "def": 85, "spa": 85, "spd": 85, "spe": 85}, "ivs": {"hp": 31, "atk": 0, "def": 31, "spa": 31, "spd": 31, "spe": 31}, "item": "Life Orb", "teraType": "Fire", "role": "Fast Attacker", "bvs": {"hp": 99, "atk": 83, "def": 91, "spa": 125, "spd": 83, "spe": 109}, "stats": {"hp": 286, "atk": 136, "def": 189, "spa": 243, "spd": 177, "spe": 218}, "types": ["Water", "Dragon"]}, "Scream Tail": {"name": "Scream Tail", "species": "Scream Tail", "speciesId": "screamtail", "gender": "N", "shiny": false, "level": 84, "moves": ["encore", "wish", "protect", "playrough"], "ability": "Protosynthesis", "evs": {"hp": 85, "atk": 85, "def": 85, "spa": 85, "spd": 85, "spe": 85}, "ivs": {"hp": 31, "atk": 31, "def": 31, "spa": 31, "spd": 31, "spe": 31}, "item": "Leftovers", "teraType": "Poison", "role": "Bulky Support", "bvs": {"hp": 115, "atk": 65, "def": 99, "spa": 65, "spd": 115, "spe": 111}, "stats": {"hp": 330, "atk": 157, "def": 215, "spa": 157, "spd": 241, "spe": 235}, "types": ["Fairy", "Psychic"]}, "Komala": {"name": "Komala", "species": "Komala", "speciesId": "komala", "gender": "F", "shiny": false, "level": 88, "moves": ["rapidspin", "earthquake", "bodyslam", "knockoff"], "ability": "Comatose", "evs": {"hp": 85, "atk": 85, "def": 85, "spa": 85, "spd": 85, "spe": 85}, "ivs": {"hp": 31, "atk": 31, "def": 31, "spa": 31, "spd": 31, "spe": 31}, "item": "Assault Vest", "teraType": "Ghost", "role": "Bulky Support", "bvs": {"hp": 65, "atk": 115, "def": 65, "spa": 75, "spd": 95, "spe": 65}, "stats": {"hp": 258, "atk": 253, "def": 165, "spa": 182, "spd": 217, "spe": 165}, "types": ["Normal"]}, "Basculegion": {"name": "Basculegion", "species": "Basculegion", "speciesId": "basculegion", "gender": "M", "shiny": false, "level": 80, "moves": ["wavecrash", "shadowball", "flipturn", "aquajet"], "ability": "Adaptability", "evs": {"hp": 85, "atk": 85, "def": 85, "spa": 85, "spd": 85, "spe": 85}, "ivs": {"hp": 31, "atk": 31, "def": 31, "spa": 31, "spd": 31, "spe": 31}, "item": "Assault Vest", "teraType": "Water", "role": "AV Pivot", "bvs": {"hp": 120, "atk": 112, "def": 65, "spa": 80, "spd": 75, "spe": 78}, "stats": {"hp": 323, "atk": 225, "def": 150, "spa": 174, "spd": 166, "spe": 171}, "types": ["Water", "Ghost"]}, "Munkidori": {"name": "Munkidori", "species": "Munkidori", "speciesId": "munkidori", "gender": "M", "shiny": false, "level": 79, "moves": ["focusblast", "sludgewave", "psyshock", "uturn"], "ability": "Toxic Chain", "evs": {"hp": 85, "atk": 85, "def": 85, "spa": 85, "spd": 85, "spe": 85}, "ivs": {"hp": 31, "atk": 31, "def": 31, "spa": 31, "spd": 31, "spe": 31}, "item": "Choice Specs", "teraType": "Fighting", "role": "Fast Attacker", "bvs": {"hp": 88, "atk": 75, "def": 66, "spa": 130, "spd": 90, "spe": 106}, "stats": {"hp": 269, "atk": 164, "def": 150, "spa": 251, "spd": 188, "spe": 213}, "types": ["Poison", "Psychic"]}}]}