{"id": "gen9randombattle-2641518610", "format": "[Gen 9] Random Battle", "players": ["axolftheone", "WELLCOME TO"], "log": "|j|\u2606axolftheone\n|j|\u2606WELLCOME TO\n|t:|1782799209\n|gametype|singles\n|player|p1|axolftheone|benga|\n|player|p2|WELLCOME TO|preschooler|\n|gen|9\n|tier|[Gen 9] Random Battle\n|rule|Species Clause: Limit one of each Pok\u00e9mon\n|rule|HP Percentage Mod: HP is shown in percentages\n|rule|Sleep Clause Mod: Limit one foe put to sleep\n|rule|Illusion Level Mod: Illusion disguises the Pok\u00e9mon's true level\n|\n|t:|1782799209\n|teamsize|p1|6\n|teamsize|p2|6\n|start\n|switch|p1a: Mightyena|Mightyena, L96, M|290/290\n|switch|p2a: Coalossal|Coalossal, L89, M|341/341\n|-ability|p1a: Mightyena|Intimidate|boost\n|-unboost|p2a: Coalossal|atk|1\n|turn|1\n|\n|t:|1782799227\n|move|p1a: Mightyena|Super Fang|p2a: Coalossal\n|-damage|p2a: Coalossal|171/341\n|-status|p1a: Mightyena|brn|[from] ability: Flame Body|[of] p2a: Coalossal\n|move|p2a: Coalossal|Overheat|p1a: Mightyena\n|-damage|p1a: Mightyena|190/290 brn\n|-unboost|p2a: Coalossal|spa|2\n|\n|-damage|p1a: Mightyena|172/290 brn|[from] brn\n|upkeep\n|turn|2\n|\n|t:|1782799235\n|move|p1a: Mightyena|Super Fang|p2a: Coalossal|[miss]\n|-miss|p1a: Mightyena|p2a: Coalossal\n|move|p2a: Coalossal|Stealth Rock|p1a: Mightyena\n|-sidestart|p1: axolftheone|move: Stealth Rock\n|\n|-damage|p1a: Mightyena|154/290 brn|[from] brn\n|upkeep\n|turn|3\n|\n|t:|1782799240\n|move|p1a: Mightyena|Super Fang|p2a: Coalossal\n|-damage|p2a: Coalossal|86/341\n|move|p2a: Coalossal|Rapid Spin|p1a: Mightyena\n|-damage|p1a: Mightyena|128/290 brn\n|-boost|p2a: Coalossal|spe|1\n|\n|-damage|p1a: Mightyena|110/290 brn|[from] brn\n|upkeep\n|turn|4\n|\n|t:|1782799251\n|move|p1a: Mightyena|Crunch|p2a: Coalossal\n|-damage|p2a: Coalossal|48/341\n|move|p2a: Coalossal|Overheat|p1a: Mightyena\n|-damage|p1a: Mightyena|53/290 brn\n|-unboost|p2a: Coalossal|spa|2\n|\n|-damage|p1a: Mightyena|35/290 brn|[from] brn\n|upkeep\n|turn|5\n|\n|t:|1782799258\n|move|p1a: Mightyena|Crunch|p2a: Coalossal\n|-damage|p2a: Coalossal|11/341\n|move|p2a: Coalossal|Stone Edge|p1a: Mightyena\n|-damage|p1a: Mightyena|0 fnt\n|faint|p1a: Mightyena\n|\n|upkeep\n|\n|t:|1782799280\n|switch|p1a: Magcargo|Magcargo, L95, F|268/268\n|turn|6\n|\n|t:|1782799286\n|move|p2a: Coalossal|Stone Edge|p1a: Magcargo\n|-supereffective|p1a: Magcargo\n|-damage|p1a: Magcargo|176/268\n|move|p1a: Magcargo|Yawn|p2a: Coalossal\n|-start|p2a: Coalossal|move: Yawn|[of] p1a: Magcargo\n|\n|upkeep\n|turn|7\n|\n|t:|1782799292\n|move|p2a: Coalossal|Stone Edge|p1a: Magcargo\n|-supereffective|p1a: Magcargo\n|-damage|p1a: Magcargo|80/268\n|move|p1a: Magcargo|Recover|p1a: Magcargo\n|-heal|p1a: Magcargo|214/268\n|\n|-end|p2a: Coalossal|move: Yawn|[silent]\n|-status|p2a: Coalossal|slp\n|upkeep\n|turn|8\n|\n|t:|1782799294\n|cant|p2a: Coalossal|slp\n|move|p1a: Magcargo|Stealth Rock|p2a: Coalossal\n|-sidestart|p2: WELLCOME TO|move: Stealth Rock\n|\n|upkeep\n|turn|9\n|\n|t:|1782799299\n|-curestatus|p2a: Coalossal|slp|[msg]\n|move|p2a: Coalossal|Stone Edge|p1a: Magcargo\n|-supereffective|p1a: Magcargo\n|-damage|p1a: Magcargo|124/268\n|move|p1a: Magcargo|Recover|p1a: Magcargo\n|-heal|p1a: Magcargo|258/268\n|\n|upkeep\n|turn|10\n|\n|t:|1782799301\n|move|p2a: Coalossal|Stone Edge|p1a: Magcargo|[miss]\n|-miss|p2a: Coalossal|p1a: Magcargo\n|move|p1a: Magcargo|Lava Plume|p2a: Coalossal\n|-resisted|p2a: Coalossal\n|-damage|p2a: Coalossal|0 fnt\n|faint|p2a: Coalossal\n|\n|upkeep\n|\n|t:|1782799303\n|switch|p2a: Gholdengo|Gholdengo, L77|261/261\n|-damage|p2a: Gholdengo|245/261|[from] Stealth Rock\n|turn|11\n|\n|t:|1782799318\n|switch|p2a: Wugtrio|Wugtrio, L91, M|212/212\n|-damage|p2a: Wugtrio|186/212|[from] Stealth Rock\n|move|p1a: Magcargo|Lava Plume|p2a: Wugtrio\n|-resisted|p2a: Wugtrio\n|-damage|p2a: Wugtrio|135/212\n|\n|upkeep\n|turn|12\n|\n|t:|1782799333\n|switch|p1a: Archaludon|Archaludon, L78, F|268/268\n|-damage|p1a: Archaludon|252/268|[from] Stealth Rock\n|move|p2a: Wugtrio|Aqua Jet|p1a: Archaludon\n|-resisted|p1a: Archaludon\n|-damage|p1a: Archaludon|224/268\n|-ability|p1a: Archaludon|Stamina|boost\n|-boost|p1a: Archaludon|def|1\n|\n|upkeep\n|turn|13\n|\n|t:|1782799350\n|move|p2a: Wugtrio|Aqua Jet|p1a: Archaludon\n|-resisted|p1a: Archaludon\n|-damage|p1a: Archaludon|203/268\n|-ability|p1a: Archaludon|Stamina|boost\n|-boost|p1a: Archaludon|def|1\n|move|p1a: Archaludon|Outrage|p2a: Wugtrio\n|-damage|p2a: Wugtrio|0 fnt\n|-ability|p2a: Wugtrio|Gooey\n|-unboost|p1a: Archaludon|spe|1\n|faint|p2a: Wugtrio\n|\n|upkeep\n|\n|t:|1782799365\n|switch|p2a: Cryogonal|Cryogonal, L89|287/287\n|turn|14\n|\n|t:|1782799370\n|move|p2a: Cryogonal|Ice Beam|p1a: Archaludon\n|-crit|p1a: Archaludon\n|-damage|p1a: Archaludon|0 fnt\n|faint|p1a: Archaludon\n|\n|upkeep\n|\n|t:|1782799381\n|switch|p1a: Magcargo|Magcargo, L95, F|258/268\n|turn|15\n|\n|t:|1782799392\n|-terastallize|p2a: Cryogonal|Electric\n|move|p2a: Cryogonal|Rapid Spin|p1a: Magcargo\n|-resisted|p1a: Magcargo\n|-damage|p1a: Magcargo|249/268\n|-boost|p2a: Cryogonal|spe|1\n|-sideend|p2: WELLCOME TO|Stealth Rock|[from] move: Rapid Spin|[of] p2a: Cryogonal\n|move|p1a: Magcargo|Yawn|p2a: Cryogonal\n|-start|p2a: Cryogonal|move: Yawn|[of] p1a: Magcargo\n|\n|upkeep\n|turn|16\n|\n|t:|1782799405\n|move|p2a: Cryogonal|Tera Blast|p1a: Magcargo|[anim] Tera Blast Electric\n|-damage|p1a: Magcargo|155/268\n|move|p1a: Magcargo|Lava Plume|p2a: Cryogonal\n|-damage|p2a: Cryogonal|217/287\n|\n|-end|p2a: Cryogonal|move: Yawn|[silent]\n|-status|p2a: Cryogonal|slp\n|upkeep\n|turn|17\n|\n|t:|1782799410\n|cant|p2a: Cryogonal|slp\n|move|p1a: Magcargo|Lava Plume|p2a: Cryogonal\n|-damage|p2a: Cryogonal|145/287 slp\n|\n|upkeep\n|turn|18\n|\n|t:|1782799413\n|cant|p2a: Cryogonal|slp\n|move|p1a: Magcargo|Recover|p1a: Magcargo\n|-heal|p1a: Magcargo|268/268\n|\n|upkeep\n|turn|19\n|\n|t:|1782799414\n|-curestatus|p2a: Cryogonal|slp|[msg]\n|move|p2a: Cryogonal|Recover|p2a: Cryogonal\n|-heal|p2a: Cryogonal|287/287\n|move|p1a: Magcargo|Lava Plume|p2a: Cryogonal\n|-damage|p2a: Cryogonal|218/287\n|\n|upkeep\n|turn|20\n|\n|t:|1782799418\n|move|p2a: Cryogonal|Recover|p2a: Cryogonal\n|-heal|p2a: Cryogonal|287/287\n|move|p1a: Magcargo|Yawn|p2a: Cryogonal\n|-start|p2a: Cryogonal|move: Yawn|[of] p1a: Magcargo\n|\n|upkeep\n|turn|21\n|\n|t:|1782799422\n|move|p2a: Cryogonal|Tera Blast|p1a: Magcargo|[anim] Tera Blast Electric\n|-damage|p1a: Magcargo|177/268\n|move|p1a: Magcargo|Recover|p1a: Magcargo\n|-heal|p1a: Magcargo|268/268\n|\n|-end|p2a: Cryogonal|move: Yawn|[silent]\n|-status|p2a: Cryogonal|slp\n|upkeep\n|turn|22\n|\n|t:|1782799426\n|cant|p2a: Cryogonal|slp\n|move|p1a: Magcargo|Lava Plume|p2a: Cryogonal\n|-damage|p2a: Cryogonal|220/287 slp\n|\n|upkeep\n|turn|23\n|\n|t:|1782799429\n|cant|p2a: Cryogonal|slp\n|move|p1a: Magcargo|Lava Plume|p2a: Cryogonal\n|-damage|p2a: Cryogonal|147/287 slp\n|\n|upkeep\n|turn|24\n|\n|t:|1782799431\n|-curestatus|p2a: Cryogonal|slp|[msg]\n|move|p2a: Cryogonal|Tera Blast|p1a: Magcargo|[anim] Tera Blast Electric\n|-damage|p1a: Magcargo|174/268\n|move|p1a: Magcargo|Lava Plume|p2a: Cryogonal\n|-damage|p2a: Cryogonal|77/287\n|\n|upkeep\n|turn|25\n|\n|t:|1782799433\n|move|p2a: Cryogonal|Recover|p2a: Cryogonal\n|-heal|p2a: Cryogonal|221/287\n|move|p1a: Magcargo|Yawn|p2a: Cryogonal\n|-start|p2a: Cryogonal|move: Yawn|[of] p1a: Magcargo\n|\n|upkeep\n|turn|26\n|\n|t:|1782799436\n|move|p2a: Cryogonal|Tera Blast|p1a: Magcargo|[anim] Tera Blast Electric\n|-damage|p1a: Magcargo|90/268\n|move|p1a: Magcargo|Recover|p1a: Magcargo\n|-heal|p1a: Magcargo|224/268\n|\n|-end|p2a: Cryogonal|move: Yawn|[silent]\n|-status|p2a: Cryogonal|slp\n|upkeep\n|turn|27\n|\n|t:|1782799438\n|cant|p2a: Cryogonal|slp\n|move|p1a: Magcargo|Lava Plume|p2a: Cryogonal\n|-damage|p2a: Cryogonal|151/287 slp\n|\n|upkeep\n|turn|28\n|\n|t:|1782799440\n|-curestatus|p2a: Cryogonal|slp|[msg]\n|move|p2a: Cryogonal|Tera Blast|p1a: Magcargo|[anim] Tera Blast Electric\n|-damage|p1a: Magcargo|131/268\n|move|p1a: Magcargo|Lava Plume|p2a: Cryogonal\n|-damage|p2a: Cryogonal|82/287\n|\n|upkeep\n|turn|29\n|\n|t:|1782799446\n|move|p2a: Cryogonal|Recover|p2a: Cryogonal\n|-heal|p2a: Cryogonal|226/287\n|move|p1a: Magcargo|Recover|p1a: Magcargo\n|-heal|p1a: Magcargo|265/268\n|\n|upkeep\n|turn|30\n|\n|t:|1782799450\n|move|p2a: Cryogonal|Tera Blast|p1a: Magcargo|[anim] Tera Blast Electric\n|-damage|p1a: Magcargo|171/268\n|move|p1a: Magcargo|Yawn|p2a: Cryogonal\n|-start|p2a: Cryogonal|move: Yawn|[of] p1a: Magcargo\n|\n|upkeep\n|turn|31\n|\n|t:|1782799453\n|move|p2a: Cryogonal|Tera Blast|p1a: Magcargo|[anim] Tera Blast Electric\n|-damage|p1a: Magcargo|83/268\n|move|p1a: Magcargo|Recover|p1a: Magcargo\n|-heal|p1a: Magcargo|217/268\n|\n|-end|p2a: Cryogonal|move: Yawn|[silent]\n|-status|p2a: Cryogonal|slp\n|upkeep\n|turn|32\n|\n|t:|1782799456\n|cant|p2a: Cryogonal|slp\n|move|p1a: Magcargo|Lava Plume|p2a: Cryogonal\n|-damage|p2a: Cryogonal|160/287 slp\n|\n|upkeep\n|turn|33\n|\n|t:|1782799460\n|-curestatus|p2a: Cryogonal|slp|[msg]\n|move|p2a: Cryogonal|Tera Blast|p1a: Magcargo|[anim] Tera Blast Electric\n|-damage|p1a: Magcargo|123/268\n|move|p1a: Magcargo|Lava Plume|p2a: Cryogonal\n|-damage|p2a: Cryogonal|94/287\n|\n|upkeep\n|turn|34\n|\n|t:|1782799463\n|move|p2a: Cryogonal|Recover|p2a: Cryogonal\n|-heal|p2a: Cryogonal|238/287\n|move|p1a: Magcargo|Recover|p1a: Magcargo\n|-heal|p1a: Magcargo|257/268\n|\n|upkeep\n|turn|35\n|\n|t:|1782799465\n|move|p2a: Cryogonal|Tera Blast|p1a: Magcargo|[anim] Tera Blast Electric\n|-damage|p1a: Magcargo|175/268\n|move|p1a: Magcargo|Yawn|p2a: Cryogonal\n|-start|p2a: Cryogonal|move: Yawn|[of] p1a: Magcargo\n|\n|upkeep\n|turn|36\n|\n|t:|1782799470\n|move|p2a: Cryogonal|Recover|p2a: Cryogonal\n|-heal|p2a: Cryogonal|287/287\n|move|p1a: Magcargo|Lava Plume|p2a: Cryogonal\n|-damage|p2a: Cryogonal|221/287\n|\n|-end|p2a: Cryogonal|move: Yawn|[silent]\n|-status|p2a: Cryogonal|slp\n|upkeep\n|turn|37\n|\n|t:|1782799474\n|cant|p2a: Cryogonal|slp\n|move|p1a: Magcargo|Lava Plume|p2a: Cryogonal\n|-damage|p2a: Cryogonal|149/287 slp\n|\n|upkeep\n|turn|38\n|\n|t:|1782799478\n|cant|p2a: Cryogonal|slp\n|move|p1a: Magcargo|Lava Plume|p2a: Cryogonal\n|-damage|p2a: Cryogonal|80/287 slp\n|\n|upkeep\n|turn|39\n|\n|t:|1782799480\n|cant|p2a: Cryogonal|slp\n|move|p1a: Magcargo|Lava Plume|p2a: Cryogonal\n|-damage|p2a: Cryogonal|8/287 slp\n|\n|upkeep\n|turn|40\n|\n|t:|1782799485\n|-curestatus|p2a: Cryogonal|slp|[msg]\n|move|p2a: Cryogonal|Recover|p2a: Cryogonal\n|-heal|p2a: Cryogonal|152/287\n|move|p1a: Magcargo|Lava Plume|p2a: Cryogonal\n|-damage|p2a: Cryogonal|80/287\n|-status|p2a: Cryogonal|brn\n|\n|-damage|p2a: Cryogonal|63/287 brn|[from] brn\n|upkeep\n|turn|41\n|\n|t:|1782799489\n|move|p2a: Cryogonal|Recover|p2a: Cryogonal\n|-heal|p2a: Cryogonal|207/287 brn\n|move|p1a: Magcargo|Yawn||[still]\n|-fail|p1a: Magcargo\n|\n|-damage|p2a: Cryogonal|190/287 brn|[from] brn\n|upkeep\n|turn|42\n|\n|t:|1782799496\n|move|p2a: Cryogonal|Tera Blast|p1a: Magcargo|[anim] Tera Blast Electric\n|-damage|p1a: Magcargo|93/268\n|move|p1a: Magcargo|Lava Plume|p2a: Cryogonal\n|-damage|p2a: Cryogonal|126/287 brn\n|\n|-damage|p2a: Cryogonal|109/287 brn|[from] brn\n|upkeep\n|turn|43\n|\n|t:|1782799499\n|move|p2a: Cryogonal|Tera Blast|p1a: Magcargo|[anim] Tera Blast Electric\n|-damage|p1a: Magcargo|5/268\n|move|p1a: Magcargo|Lava Plume|p2a: Cryogonal\n|-damage|p2a: Cryogonal|45/287 brn\n|\n|-damage|p2a: Cryogonal|28/287 brn|[from] brn\n|upkeep\n|turn|44\n|\n|t:|1782799505\n|move|p2a: Cryogonal|Tera Blast|p1a: Magcargo|[anim] Tera Blast Electric\n|-damage|p1a: Magcargo|0 fnt\n|faint|p1a: Magcargo\n|\n|-damage|p2a: Cryogonal|11/287 brn|[from] brn\n|upkeep\n|\n|t:|1782799523\n|switch|p1a: Breloom|Breloom, L83, M|235/235\n|-damage|p1a: Breloom|221/235|[from] Stealth Rock\n|turn|45\n|\n|t:|1782799528\n|move|p1a: Breloom|Mach Punch|p2a: Cryogonal\n|-damage|p2a: Cryogonal|0 fnt\n|faint|p2a: Cryogonal\n|-damage|p1a: Breloom|198/235|[from] item: Life Orb\n|\n|upkeep\n|\n|t:|1782799539\n|switch|p2a: Chesnaught|Chesnaught, L84, M|285/285\n|turn|46\n|\n|t:|1782799557\n|move|p1a: Breloom|Rock Tomb|p2a: Chesnaught\n|-resisted|p2a: Chesnaught\n|-damage|p2a: Chesnaught|245/285\n|-unboost|p2a: Chesnaught|spe|1\n|-damage|p1a: Breloom|175/235|[from] item: Life Orb\n|move|p2a: Chesnaught|Iron Defense|p2a: Chesnaught\n|-boost|p2a: Chesnaught|def|2\n|\n|-heal|p2a: Chesnaught|262/285|[from] item: Leftovers\n|upkeep\n|turn|47\n|\n|t:|1782799563\n|switch|p1a: Hatterene|Hatterene, L85, F|236/236\n|-damage|p1a: Hatterene|207/236|[from] Stealth Rock\n|move|p2a: Chesnaught|Trailblaze|p1a: Hatterene\n|-damage|p1a: Hatterene|149/236\n|-boost|p2a: Chesnaught|spe|1\n|\n|-heal|p2a: Chesnaught|279/285|[from] item: Leftovers\n|upkeep\n|turn|48\n|\n|t:|1782799574\n|move|p2a: Chesnaught|Body Press|p1a: Hatterene\n|-resisted|p1a: Hatterene\n|-damage|p1a: Hatterene|105/236\n|move|p1a: Hatterene|Nuzzle|p2a: Chesnaught\n|-resisted|p2a: Chesnaught\n|-damage|p2a: Chesnaught|276/285\n|-status|p2a: Chesnaught|par\n|\n|-heal|p2a: Chesnaught|285/285 par|[from] item: Leftovers\n|upkeep\n|turn|49\n|\n|t:|1782799583\n|move|p1a: Hatterene|Draining Kiss|p2a: Chesnaught\n|-supereffective|p2a: Chesnaught\n|-crit|p2a: Chesnaught\n|-damage|p2a: Chesnaught|63/285 par\n|-heal|p1a: Hatterene|236/236|[from] drain|[of] p2a: Chesnaught\n|move|p2a: Chesnaught|Iron Defense|p2a: Chesnaught\n|-boost|p2a: Chesnaught|def|2\n|\n|-heal|p2a: Chesnaught|80/285 par|[from] item: Leftovers\n|upkeep\n|turn|50\n|\n|t:|1782799591\n|move|p1a: Hatterene|Mystical Fire|p2a: Chesnaught\n|-supereffective|p2a: Chesnaught\n|-damage|p2a: Chesnaught|0 fnt\n|faint|p2a: Chesnaught\n|\n|upkeep\n|\n|t:|1782799603\n|switch|p2a: Raikou|Raikou, L81|278/278\n|-ability|p2a: Raikou|Pressure\n|turn|51\n|\n|t:|1782799608\n|move|p2a: Raikou|Shadow Ball|p1a: Hatterene\n|-supereffective|p1a: Hatterene\n|-damage|p1a: Hatterene|162/236\n|move|p1a: Hatterene|Nuzzle|p2a: Raikou\n|-resisted|p2a: Raikou\n|-damage|p2a: Raikou|270/278\n|\n|-heal|p2a: Raikou|278/278|[from] item: Leftovers\n|upkeep\n|turn|52\n|\n|t:|1782799621\n|move|p2a: Raikou|Calm Mind|p2a: Raikou\n|-boost|p2a: Raikou|spa|1\n|-boost|p2a: Raikou|spd|1\n|move|p1a: Hatterene|Mystical Fire|p2a: Raikou\n|-damage|p2a: Raikou|230/278\n|-unboost|p2a: Raikou|spa|1\n|\n|-heal|p2a: Raikou|247/278|[from] item: Leftovers\n|upkeep\n|turn|53\n|\n|t:|1782799627\n|move|p2a: Raikou|Shadow Ball|p1a: Hatterene\n|-supereffective|p1a: Hatterene\n|-damage|p1a: Hatterene|88/236\n|move|p1a: Hatterene|Mystical Fire|p2a: Raikou\n|-damage|p2a: Raikou|203/278\n|-unboost|p2a: Raikou|spa|1\n|\n|-heal|p2a: Raikou|220/278|[from] item: Leftovers\n|upkeep\n|turn|54\n|\n|t:|1782799633\n|move|p2a: Raikou|Calm Mind|p2a: Raikou\n|-boost|p2a: Raikou|spa|1\n|-boost|p2a: Raikou|spd|1\n|move|p1a: Hatterene|Mystical Fire|p2a: Raikou\n|-damage|p2a: Raikou|184/278\n|-unboost|p2a: Raikou|spa|1\n|\n|-heal|p2a: Raikou|201/278|[from] item: Leftovers\n|upkeep\n|turn|55\n|\n|t:|1782799636\n|move|p2a: Raikou|Shadow Ball|p1a: Hatterene\n|-supereffective|p1a: Hatterene\n|-damage|p1a: Hatterene|40/236\n|move|p1a: Hatterene|Mystical Fire|p2a: Raikou\n|-crit|p2a: Raikou\n|-damage|p2a: Raikou|99/278\n|-unboost|p2a: Raikou|spa|1\n|\n|-heal|p2a: Raikou|116/278|[from] item: Leftovers\n|upkeep\n|turn|56\n|\n|t:|1782799640\n|move|p2a: Raikou|Shadow Ball|p1a: Hatterene\n|-supereffective|p1a: Hatterene\n|-damage|p1a: Hatterene|4/236\n|-unboost|p1a: Hatterene|spd|1\n|move|p1a: Hatterene|Mystical Fire|p2a: Raikou\n|-damage|p2a: Raikou|81/278\n|-unboost|p2a: Raikou|spa|1\n|\n|-heal|p2a: Raikou|98/278|[from] item: Leftovers\n|upkeep\n|turn|57\n|\n|t:|1782799649\n|move|p2a: Raikou|Shadow Ball|p1a: Hatterene\n|-supereffective|p1a: Hatterene\n|-damage|p1a: Hatterene|0 fnt\n|faint|p1a: Hatterene\n|\n|-heal|p2a: Raikou|115/278|[from] item: Leftovers\n|upkeep\n|\n|t:|1782799660\n|switch|p1a: Sneasler|Sneasler, L74, F|240/240\n|-damage|p1a: Sneasler|225/240|[from] Stealth Rock\n|turn|58\n|\n|t:|1782799665\n|move|p2a: Raikou|Thunderbolt|p1a: Sneasler\n|-damage|p1a: Sneasler|179/240\n|move|p1a: Sneasler|Throat Chop|p2a: Raikou\n|-damage|p2a: Raikou|25/278\n|-start|p2a: Raikou|Throat Chop|[silent]\n|\n|-heal|p2a: Raikou|42/278|[from] item: Leftovers\n|upkeep\n|turn|59\n|\n|t:|1782799669\n|-terastallize|p1a: Sneasler|Dark\n|move|p2a: Raikou|Shadow Ball|p1a: Sneasler\n|-resisted|p1a: Sneasler\n|-crit|p1a: Sneasler\n|-damage|p1a: Sneasler|124/240\n|move|p1a: Sneasler|Throat Chop|p2a: Raikou\n|-damage|p2a: Raikou|0 fnt\n|faint|p2a: Raikou\n|\n|upkeep\n|\n|t:|1782799674\n|switch|p2a: Gholdengo|Gholdengo, L77|245/261\n|turn|60\n|\n|t:|1782799679\n|move|p1a: Sneasler|Throat Chop|p2a: Gholdengo\n|-supereffective|p2a: Gholdengo\n|-damage|p2a: Gholdengo|0 fnt\n|faint|p2a: Gholdengo\n|\n|win|axolftheone\n", "inputlog": ">version f8ac14003a5f27e1bdc8d8c59608a773c1cb96e5\n>start {\"formatid\":\"gen9randombattle\",\"seed\":\"sodium,f5462bea6705ff78869ee42d6eaffa00\"}\n>player p1 {\"name\":\"axolftheone\",\"avatar\":\"benga\",\"rating\":0,\"seed\":\"sodium,f08b387a597f78674087fa4a406536ad\"}\n>player p2 {\"name\":\"WELLCOME TO\",\"avatar\":\"preschooler\",\"rating\":0,\"seed\":\"sodium,b2111fe94158f7138ce811fd8cb4a2c1\"}\n>p1 move superfang\n>p2 move overheat\n>p1 move superfang\n>p2 move stealthrock\n>p1 move superfang\n>p2 move rapidspin\n>p1 move crunch\n>p2 move overheat\n>p1 move crunch\n>p2 move stoneedge\n>p1 switch 4\n>p1 move yawn\n>p2 move stoneedge\n>p1 move recover\n>p2 move stoneedge\n>p1 move stealthrock\n>p2 move stoneedge\n>p1 move recover\n>p2 move stoneedge\n>p1 move lavaplume\n>p2 move stoneedge\n>p2 switch 2\n>p1 move lavaplume\n>p2 switch 5\n>p1 switch 2\n>p2 move aquajet\n>p1 move outrage\n>p2 move aquajet\n>p2 switch 3\n>p1 move outrage\n>p2 move icebeam\n>p1 switch 2\n>p1 move yawn\n>p2 move rapidspin terastallize\n>p1 move lavaplume\n>p2 move terablast\n>p1 move lavaplume\n>p2 move terablast\n>p1 move recover\n>p2 move recover\n>p1 move lavaplume\n>p2 move recover\n>p1 move yawn\n>p2 move recover\n>p1 move recover\n>p2 move terablast\n>p1 move lavaplume\n>p2 move terablast\n>p1 move lavaplume\n>p2 move terablast\n>p1 move lavaplume\n>p2 move terablast\n>p1 move yawn\n>p2 move recover\n>p1 move recover\n>p2 move terablast\n>p1 move lavaplume\n>p2 move terablast\n>p1 move lavaplume\n>p2 move terablast\n>p1 move recover\n>p2 move recover\n>p1 move yawn\n>p2 move terablast\n>p1 move recover\n>p2 move terablast\n>p1 move lavaplume\n>p2 move terablast\n>p1 move lavaplume\n>p2 move terablast\n>p1 move recover\n>p2 move recover\n>p1 move yawn\n>p2 move terablast\n>p1 move lavaplume\n>p2 move recover\n>p1 move lavaplume\n>p2 move terablast\n>p1 move lavaplume\n>p2 move terablast\n>p1 move lavaplume\n>p2 move recover\n>p1 move lavaplume\n>p2 move recover\n>p1 move yawn\n>p2 move recover\n>p1 move lavaplume\n>p2 move terablast\n>p1 move lavaplume\n>p2 move terablast\n>p1 move stealthrock\n>p2 move terablast\n>p1 switch 5\n>p1 move machpunch\n>p2 move icebeam\n>p2 switch 6\n>p1 move rocktomb\n>p2 move irondefense\n>p1 switch 6\n>p2 move trailblaze\n>p1 move nuzzle\n>p2 move bodypress\n>p1 move drainingkiss\n>p2 move irondefense\n>p1 move mysticalfire\n>p2 move synthesis\n>p2 switch 4\n>p1 move nuzzle\n>p2 move shadowball\n>p1 move mysticalfire\n>p2 move calmmind\n>p1 move mysticalfire\n>p2 move shadowball\n>p1 move mysticalfire\n>p2 move calmmind\n>p1 move mysticalfire\n>p2 move shadowball\n>p1 move mysticalfire\n>p2 move shadowball\n>p1 move mysticalfire\n>p2 move shadowball\n>p1 switch 3\n>p1 move throatchop\n>p2 move thunderbolt\n>p1 move throatchop terastallize\n>p2 move shadowball\n>p2 switch 5\n>p1 move throatchop\n>p2 move makeitrain", "uploadtime": 1782799681, "views": 2, "formatid": "gen9randombattle", "rating": null, "private": 0, "password": null, "player_dets": [{"name": "axolftheone", "avatar": "benga", "rating": 0, "seed": "sodium,f08b387a597f78674087fa4a406536ad"}, {"name": "WELLCOME TO", "avatar": "preschooler", "rating": 0, "seed": "sodium,b2111fe94158f7138ce811fd8cb4a2c1"}], "teams_full": [{"Mightyena": {"name": "Mightyena", "species": "Mightyena", "speciesId": "mightyena", "gender": "M", "shiny": false, "level": 96, "moves": ["poisonfang", "suckerpunch", "superfang", "crunch"], "ability": "Intimidate", "evs": {"hp": 85, "atk": 85, "def": 85, "spa": 85, "spd": 85, "spe": 85}, "ivs": {"hp": 31, "atk": 31, "def": 31, "spa": 31, "spd": 31, "spe": 31}, "item": "Assault Vest", "teraType": "Poison", "role": "AV Pivot", "bvs": {"hp": 70, "atk": 90, "def": 70, "spa": 60, "spd": 60, "spe": 70}, "stats": {"hp": 290, "atk": 227, "def": 189, "spa": 170, "spd": 170, "spe": 189}, "types": ["Dark"]}, "Archaludon": {"name": "Archaludon", "species": "Archaludon", "speciesId": "archaludon", "gender": "F", "shiny": false, "level": 78, "moves": ["earthquake", "ironhead", "swordsdance", "outrage"], "ability": "Stamina", "evs": {"hp": 85, "atk": 85, "def": 85, "spa": 85, "spd": 85, "spe": 85}, "ivs": {"hp": 31, "atk": 31, "def": 31, "spa": 31, "spd": 31, "spe": 31}, "item": "Lum Berry", "teraType": "Ground", "role": "Bulky Setup", "bvs": {"hp": 90, "atk": 105, "def": 130, "spa": 125, "spd": 65, "spe": 85}, "stats": {"hp": 268, "atk": 209, "def": 248, "spa": 240, "spd": 146, "spe": 178}, "types": ["Steel", "Dragon"]}, "Sneasler": {"name": "Sneasler", "species": "Sneasler", "speciesId": "sneasler", "gender": "F", "shiny": false, "level": 74, "moves": ["direclaw", "throatchop", "uturn", "closecombat"], "ability": "Poison Touch", "evs": {"hp": 85, "atk": 85, "def": 85, "spa": 85, "spd": 85, "spe": 85}, "ivs": {"hp": 31, "atk": 31, "def": 31, "spa": 31, "spd": 31, "spe": 31}, "item": "Choice Band", "teraType": "Dark", "role": "Fast Attacker", "bvs": {"hp": 80, "atk": 130, "def": 60, "spa": 40, "spd": 80, "spe": 120}, "stats": {"hp": 240, "atk": 235, "def": 132, "spa": 102, "spd": 161, "spe": 221}, "types": ["Fighting", "Poison"]}, "Magcargo": {"name": "Magcargo", "species": "Magcargo", "speciesId": "magcargo", "gender": "F", "shiny": false, "level": 95, "moves": ["yawn", "stealthrock", "recover", "lavaplume"], "ability": "Flame Body", "evs": {"hp": 85, "atk": 0, "def": 85, "spa": 85, "spd": 85, "spe": 85}, "ivs": {"hp": 31, "atk": 0, "def": 31, "spa": 31, "spd": 31, "spe": 31}, "item": "Heavy-Duty Boots", "teraType": "Grass", "role": "Bulky Support", "bvs": {"hp": 60, "atk": 50, "def": 120, "spa": 90, "spd": 80, "spe": 30}, "stats": {"hp": 268, "atk": 100, "def": 282, "spa": 225, "spd": 206, "spe": 111}, "types": ["Fire", "Rock"]}, "Breloom": {"name": "Breloom", "species": "Breloom", "speciesId": "breloom", "gender": "M", "shiny": false, "level": 83, "moves": ["rocktomb", "machpunch", "spore", "bulletseed"], "ability": "Technician", "evs": {"hp": 85, "atk": 85, "def": 85, "spa": 85, "spd": 85, "spe": 85}, "ivs": {"hp": 31, "atk": 31, "def": 31, "spa": 31, "spd": 31, "spe": 31}, "item": "Life Orb", "teraType": "Rock", "role": "Fast Attacker", "bvs": {"hp": 60, "atk": 130, "def": 80, "spa": 60, "spd": 60, "spe": 70}, "stats": {"hp": 235, "atk": 263, "def": 180, "spa": 147, "spd": 147, "spe": 164}, "types": ["Grass", "Fighting"]}, "Hatterene": {"name": "Hatterene", "species": "Hatterene", "speciesId": "hatterene", "gender": "F", "shiny": false, "level": 85, "moves": ["nuzzle", "mysticalfire", "psychic", "drainingkiss"], "ability": "Magic Bounce", "evs": {"hp": 85, "atk": 85, "def": 85, "spa": 85, "spd": 85, "spe": 85}, "ivs": {"hp": 31, "atk": 31, "def": 31, "spa": 31, "spd": 31, "spe": 31}, "item": "Assault Vest", "teraType": "Steel", "role": "AV Pivot", "bvs": {"hp": 57, "atk": 90, "def": 95, "spa": 136, "spd": 103, "spe": 29}, "stats": {"hp": 236, "atk": 202, "def": 210, "spa": 280, "spd": 224, "spe": 98}, "types": ["Psychic", "Fairy"]}}, {"Coalossal": {"name": "Coalossal", "species": "Coalossal", "speciesId": "coalossal", "gender": "M", "shiny": false, "level": 89, "moves": ["stoneedge", "overheat", "rapidspin", "stealthrock"], "ability": "Flame Body", "evs": {"hp": 85, "atk": 85, "def": 85, "spa": 85, "spd": 85, "spe": 85}, "ivs": {"hp": 31, "atk": 31, "def": 31, "spa": 31, "spd": 31, "spe": 31}, "item": "Heavy-Duty Boots", "teraType": "Ghost", "role": "Bulky Support", "bvs": {"hp": 110, "atk": 80, "def": 120, "spa": 80, "spd": 90, "spe": 30}, "stats": {"hp": 341, "atk": 193, "def": 264, "spa": 193, "spd": 211, "spe": 104}, "types": ["Rock", "Fire"]}, "Gholdengo": {"name": "Gholdengo", "species": "Gholdengo", "speciesId": "gholdengo", "gender": "N", "shiny": false, "level": 77, "moves": ["shadowball", "nastyplot", "makeitrain", "recover"], "ability": "Good as Gold", "evs": {"hp": 85, "atk": 0, "def": 85, "spa": 85, "spd": 85, "spe": 85}, "ivs": {"hp": 31, "atk": 0, "def": 31, "spa": 31, "spd": 31, "spe": 31}, "item": "Leftovers", "teraType": "Steel", "role": "Bulky Support", "bvs": {"hp": 87, "atk": 60, "def": 95, "spa": 133, "spd": 91, "spe": 84}, "stats": {"hp": 261, "atk": 97, "def": 191, "spa": 249, "spd": 185, "spe": 174}, "types": ["Steel", "Ghost"]}, "Cryogonal": {"name": "Cryogonal", "species": "Cryogonal", "speciesId": "cryogonal", "gender": "N", "shiny": false, "level": 89, "moves": ["recover", "icebeam", "terablast", "rapidspin"], "ability": "Levitate", "evs": {"hp": 85, "atk": 85, "def": 85, "spa": 85, "spd": 85, "spe": 85}, "ivs": {"hp": 31, "atk": 31, "def": 31, "spa": 31, "spd": 31, "spe": 31}, "item": "Heavy-Duty Boots", "teraType": "Electric", "role": "Tera Blast user", "bvs": {"hp": 80, "atk": 50, "def": 50, "spa": 95, "spd": 135, "spe": 105}, "stats": {"hp": 287, "atk": 140, "def": 140, "spa": 220, "spd": 291, "spe": 238}, "types": ["Ice"]}, "Raikou": {"name": "Raikou", "species": "Raikou", "speciesId": "raikou", "gender": "N", "shiny": false, "level": 81, "moves": ["shadowball", "calmmind", "thunderbolt", "scald"], "ability": "Pressure", "evs": {"hp": 85, "atk": 0, "def": 85, "spa": 85, "spd": 85, "spe": 85}, "ivs": {"hp": 31, "atk": 0, "def": 31, "spa": 31, "spd": 31, "spe": 31}, "item": "Leftovers", "teraType": "Water", "role": "Bulky Attacker", "bvs": {"hp": 90, "atk": 85, "def": 75, "spa": 115, "spd": 100, "spe": 115}, "stats": {"hp": 278, "atk": 142, "def": 168, "spa": 233, "spd": 209, "spe": 233}, "types": ["Electric"]}, "Wugtrio": {"name": "Wugtrio", "species": "Wugtrio", "speciesId": "wugtrio", "gender": "M", "shiny": false, "level": 91, "moves": ["throatchop", "stompingtantrum", "liquidation", "aquajet"], "ability": "Gooey", "evs": {"hp": 85, "atk": 85, "def": 85, "spa": 85, "spd": 85, "spe": 85}, "ivs": {"hp": 31, "atk": 31, "def": 31, "spa": 31, "spd": 31, "spe": 31}, "item": "Choice Band", "teraType": "Dark", "role": "Fast Attacker", "bvs": {"hp": 35, "atk": 100, "def": 50, "spa": 50, "spd": 70, "spe": 120}, "stats": {"hp": 212, "atk": 234, "def": 143, "spa": 143, "spd": 179, "spe": 270}, "types": ["Water"]}, "Chesnaught": {"name": "Chesnaught", "species": "Chesnaught", "speciesId": "chesnaught", "gender": "M", "shiny": false, "level": 84, "moves": ["bodypress", "irondefense", "synthesis", "trailblaze"], "ability": "Bulletproof", "evs": {"hp": 85, "atk": 85, "def": 85, "spa": 85, "spd": 85, "spe": 85}, "ivs": {"hp": 31, "atk": 31, "def": 31, "spa": 31, "spd": 31, "spe": 31}, "item": "Leftovers", "teraType": "Steel", "role": "Fast Bulky Setup", "bvs": {"hp": 88, "atk": 107, "def": 122, "spa": 74, "spd": 75, "spe": 64}, "stats": {"hp": 285, "atk": 228, "def": 253, "spa": 173, "spd": 174, "spe": 156}, "types": ["Grass", "Fighting"]}}]}