{"id": "gen9randombattle-2641634330", "format": "[Gen 9] Random Battle", "players": ["Sennett", "Mr Tpen"], "log": "|j|\u2606Sennett\n|j|\u2606Mr Tpen\n|t:|1782822426\n|gametype|singles\n|player|p1|Sennett|zinnia-masters|1950\n|player|p2|Mr Tpen|2|1937\n|gen|9\n|tier|[Gen 9] Random Battle\n|rated|\n|rule|Species Clause: Limit one of each Pok\u00e9mon\n|rule|HP Percentage Mod: HP is shown in percentages\n|rule|Sleep Clause Mod: Limit one foe put to sleep\n|rule|Illusion Level Mod: Illusion disguises the Pok\u00e9mon's true level\n|\n|t:|1782822426\n|teamsize|p1|6\n|teamsize|p2|6\n|start\n|switch|p1a: Houndoom|Houndoom, L87, M|272/272\n|switch|p2a: Terapagos|Terapagos, L77, F|265/265\n|-activate|p2a: Terapagos|ability: Tera Shift\n|detailschange|p2a: Terapagos|Terapagos-Terastal, L77, F\n|-heal|p2a: Terapagos|273/273|[silent]\n|turn|1\n|\n|t:|1782822439\n|move|p1a: Houndoom|Dark Pulse|p2a: Terapagos\n|-activate|p2a: Terapagos|ability: Tera Shell\n|-resisted|p2a: Terapagos\n|-damage|p2a: Terapagos|226/273\n|move|p2a: Terapagos|Calm Mind|p2a: Terapagos\n|-boost|p2a: Terapagos|spa|1\n|-boost|p2a: Terapagos|spd|1\n|\n|upkeep\n|turn|2\n|inactive|Battle timer is ON: inactive players will automatically lose when time's up. (requested by Mr Tpen)\n|\n|t:|1782822454\n|switch|p1a: Regirock|Regirock, L83|268/268\n|move|p2a: Terapagos|Rapid Spin|p1a: Regirock\n|-resisted|p1a: Regirock\n|-damage|p1a: Regirock|257/268\n|-boost|p2a: Terapagos|spe|1\n|\n|upkeep\n|turn|3\n|\n|t:|1782822459\n|move|p2a: Terapagos|Calm Mind|p2a: Terapagos\n|-boost|p2a: Terapagos|spa|1\n|-boost|p2a: Terapagos|spd|1\n|move|p1a: Regirock|Iron Defense|p1a: Regirock\n|-boost|p1a: Regirock|def|2\n|\n|upkeep\n|turn|4\n|\n|t:|1782822462\n|-terastallize|p2a: Terapagos|Stellar\n|detailschange|p2a: Terapagos|Terapagos-Stellar, L77, F, tera:Stellar\n|-heal|p2a: Terapagos|326/373|[silent]\n|move|p2a: Terapagos|Tera Starstorm|p1a: Regirock\n|-damage|p1a: Regirock|63/268\n|move|p1a: Regirock|Body Press|p2a: Terapagos\n|-supereffective|p2a: Terapagos\n|-damage|p2a: Terapagos|0 fnt\n|faint|p2a: Terapagos\n|detailschange|p2: Terapagos|Terapagos, L77, F|[silent]\n|\n|upkeep\n|\n|t:|1782822466\n|switch|p2a: Venusaur|Venusaur, L84, F|272/272\n|turn|5\n|\n|t:|1782822472\n|switch|p1a: Dedenne|Dedenne, L88, F|261/261\n|move|p2a: Venusaur|Sleep Powder|p1a: Dedenne\n|-status|p1a: Dedenne|slp|[from] move: Sleep Powder\n|\n|upkeep\n|turn|6\n|\n|t:|1782822478\n|cant|p1a: Dedenne|slp\n|move|p2a: Venusaur|Substitute|p2a: Venusaur\n|-start|p2a: Venusaur|Substitute\n|-damage|p2a: Venusaur|204/272\n|\n|-heal|p2a: Venusaur|221/272|[from] item: Leftovers\n|upkeep\n|turn|7\n|\n|t:|1782822483\n|-curestatus|p1a: Dedenne|slp|[msg]\n|move|p1a: Dedenne|U-turn|p2a: Venusaur\n|-activate|p2a: Venusaur|move: Substitute|[damage]\n|\n|t:|1782822498\n|switch|p1a: Regirock|Regirock, L83|63/268|[from] U-turn\n|move|p2a: Venusaur|Sludge Bomb|p1a: Regirock\n|-resisted|p1a: Regirock\n|-damage|p1a: Regirock|21/268\n|-status|p1a: Regirock|psn\n|\n|-heal|p2a: Venusaur|238/272|[from] item: Leftovers\n|-damage|p1a: Regirock|0 fnt|[from] psn\n|faint|p1a: Regirock\n|upkeep\n|\n|t:|1782822514\n|switch|p1a: Houndoom|Houndoom, L87, M|272/272\n|turn|8\n|\n|t:|1782822517\n|move|p1a: Houndoom|Dark Pulse|p2a: Venusaur\n|-end|p2a: Venusaur|Substitute\n|move|p2a: Venusaur|Sleep Powder|p1a: Houndoom\n|-status|p1a: Houndoom|slp|[from] move: Sleep Powder\n|\n|-heal|p2a: Venusaur|255/272|[from] item: Leftovers\n|upkeep\n|turn|9\n|\n|t:|1782822523\n|cant|p1a: Houndoom|slp\n|move|p2a: Venusaur|Substitute|p2a: Venusaur\n|-start|p2a: Venusaur|Substitute\n|-damage|p2a: Venusaur|187/272\n|\n|-heal|p2a: Venusaur|204/272|[from] item: Leftovers\n|upkeep\n|turn|10\n|\n|t:|1782822526\n|cant|p1a: Houndoom|slp\n|move|p2a: Venusaur|Leech Seed|p1a: Houndoom\n|-start|p1a: Houndoom|move: Leech Seed\n|\n|-heal|p2a: Venusaur|221/272|[from] item: Leftovers\n|-damage|p1a: Houndoom|238/272 slp|[from] Leech Seed|[of] p2a: Venusaur\n|-heal|p2a: Venusaur|255/272|[silent]\n|upkeep\n|turn|11\n|\n|t:|1782822530\n|cant|p1a: Houndoom|slp\n|move|p2a: Venusaur|Substitute|p2a: Venusaur\n|-fail|p2a: Venusaur|move: Substitute\n|\n|-heal|p2a: Venusaur|272/272|[from] item: Leftovers\n|-damage|p1a: Houndoom|204/272 slp|[from] Leech Seed|[of] p2a: Venusaur\n|upkeep\n|turn|12\n|\n|t:|1782822532\n|-curestatus|p1a: Houndoom|slp|[msg]\n|move|p1a: Houndoom|Dark Pulse|p2a: Venusaur\n|-end|p2a: Venusaur|Substitute\n|move|p2a: Venusaur|Substitute|p2a: Venusaur\n|-start|p2a: Venusaur|Substitute\n|-damage|p2a: Venusaur|204/272\n|\n|-heal|p2a: Venusaur|221/272|[from] item: Leftovers\n|-damage|p1a: Houndoom|170/272|[from] Leech Seed|[of] p2a: Venusaur\n|-heal|p2a: Venusaur|255/272|[silent]\n|upkeep\n|turn|13\n|\n|t:|1782822540\n|switch|p1a: Dedenne|Dedenne, L88, F|261/261\n|move|p2a: Venusaur|Substitute|p2a: Venusaur\n|-fail|p2a: Venusaur|move: Substitute\n|\n|-heal|p2a: Venusaur|272/272|[from] item: Leftovers\n|upkeep\n|turn|14\n|\n|t:|1782822547\n|move|p1a: Dedenne|U-turn|p2a: Venusaur\n|-activate|p2a: Venusaur|move: Substitute|[damage]\n|\n|t:|1782822549\n|switch|p1a: Houndoom|Houndoom, L87, M|170/272|[from] U-turn\n|move|p2a: Venusaur|Sludge Bomb|p1a: Houndoom\n|-damage|p1a: Houndoom|62/272\n|\n|upkeep\n|turn|15\n|\n|t:|1782822554\n|move|p1a: Houndoom|Dark Pulse|p2a: Venusaur\n|-end|p2a: Venusaur|Substitute\n|move|p2a: Venusaur|Sludge Bomb|p1a: Houndoom\n|-damage|p1a: Houndoom|0 fnt\n|faint|p1a: Houndoom\n|\n|upkeep\n|\n|t:|1782822558\n|switch|p1a: Hariyama|Hariyama, L87, F|392/392\n|turn|16\n|\n|t:|1782822563\n|move|p2a: Venusaur|Sleep Powder|p1a: Hariyama\n|-status|p1a: Hariyama|slp|[from] move: Sleep Powder\n|cant|p1a: Hariyama|slp\n|\n|upkeep\n|turn|17\n|\n|t:|1782822566\n|move|p2a: Venusaur|Substitute|p2a: Venusaur\n|-start|p2a: Venusaur|Substitute\n|-damage|p2a: Venusaur|204/272\n|cant|p1a: Hariyama|slp\n|\n|-heal|p2a: Venusaur|221/272|[from] item: Leftovers\n|upkeep\n|turn|18\n|\n|t:|1782822572\n|move|p2a: Venusaur|Leech Seed|p1a: Hariyama\n|-start|p1a: Hariyama|move: Leech Seed\n|-curestatus|p1a: Hariyama|slp|[msg]\n|move|p1a: Hariyama|Knock Off|p2a: Venusaur\n|-end|p2a: Venusaur|Substitute\n|\n|-heal|p2a: Venusaur|238/272|[from] item: Leftovers\n|-damage|p1a: Hariyama|343/392|[from] Leech Seed|[of] p2a: Venusaur\n|-heal|p2a: Venusaur|272/272|[silent]\n|-status|p1a: Hariyama|brn|[from] item: Flame Orb\n|upkeep\n|turn|19\n|l|\u2606Sennett\n|inactive|Sennett disconnected and has a minute to reconnect!\n|player|p1|\n|j|\u2606Sennett\n|inactive|Sennett reconnected and has 115 seconds left.\n|player|p1|Sennett|zinnia-masters|\n|\n|t:|1782822610\n|switch|p1a: Dedenne|Dedenne, L88, F|261/261\n|move|p2a: Venusaur|Substitute|p2a: Venusaur\n|-start|p2a: Venusaur|Substitute\n|-damage|p2a: Venusaur|204/272\n|\n|-heal|p2a: Venusaur|221/272|[from] item: Leftovers\n|upkeep\n|turn|20\n|inactive|Sennett has 120 seconds left.\n|\n|t:|1782822617\n|move|p1a: Dedenne|Thunderbolt|p2a: Venusaur\n|-resisted|p2a: Venusaur\n|-activate|p2a: Venusaur|move: Substitute|[damage]\n|move|p2a: Venusaur|Sludge Bomb|p1a: Dedenne\n|-supereffective|p1a: Dedenne\n|-damage|p1a: Dedenne|19/261\n|-enditem|p1a: Dedenne|Sitrus Berry|[eat]\n|-heal|p1a: Dedenne|84/261|[from] item: Sitrus Berry\n|-heal|p1a: Dedenne|171/261|[from] ability: Cheek Pouch\n|\n|-heal|p2a: Venusaur|238/272|[from] item: Leftovers\n|upkeep\n|turn|21\n|\n|t:|1782822621\n|move|p1a: Dedenne|Thunderbolt|p2a: Venusaur\n|-resisted|p2a: Venusaur\n|-end|p2a: Venusaur|Substitute\n|move|p2a: Venusaur|Sleep Powder|p1a: Dedenne\n|-status|p1a: Dedenne|slp|[from] move: Sleep Powder\n|\n|-heal|p2a: Venusaur|255/272|[from] item: Leftovers\n|upkeep\n|turn|22\n|\n|t:|1782822626\n|switch|p1a: Annihilape|Annihilape, L76, M|292/292\n|move|p2a: Venusaur|Substitute|p2a: Venusaur\n|-start|p2a: Venusaur|Substitute\n|-damage|p2a: Venusaur|187/272\n|\n|-heal|p2a: Venusaur|204/272|[from] item: Leftovers\n|upkeep\n|turn|23\n|\n|t:|1782822630\n|move|p2a: Venusaur|Leech Seed|p1a: Annihilape\n|-start|p1a: Annihilape|move: Leech Seed\n|move|p1a: Annihilape|Bulk Up|p1a: Annihilape\n|-boost|p1a: Annihilape|atk|1\n|-boost|p1a: Annihilape|def|1\n|\n|-heal|p2a: Venusaur|221/272|[from] item: Leftovers\n|-damage|p1a: Annihilape|256/292|[from] Leech Seed|[of] p2a: Venusaur\n|-heal|p2a: Venusaur|257/272|[silent]\n|upkeep\n|turn|24\n|\n|t:|1782822642\n|move|p2a: Venusaur|Sludge Bomb|p1a: Annihilape\n|-resisted|p1a: Annihilape\n|-damage|p1a: Annihilape|202/292\n|move|p1a: Annihilape|Bulk Up|p1a: Annihilape\n|-boost|p1a: Annihilape|atk|1\n|-boost|p1a: Annihilape|def|1\n|\n|-heal|p2a: Venusaur|272/272|[from] item: Leftovers\n|-heal|p1a: Annihilape|220/292|[from] item: Leftovers\n|-damage|p1a: Annihilape|184/292|[from] Leech Seed|[of] p2a: Venusaur\n|upkeep\n|turn|25\n|\n|t:|1782822648\n|move|p2a: Venusaur|Sludge Bomb|p1a: Annihilape\n|-resisted|p1a: Annihilape\n|-damage|p1a: Annihilape|131/292\n|move|p1a: Annihilape|Drain Punch|p2a: Venusaur\n|-resisted|p2a: Venusaur\n|-end|p2a: Venusaur|Substitute\n|-heal|p1a: Annihilape|165/292|[from] drain|[of] p2a: Venusaur\n|\n|-heal|p1a: Annihilape|183/292|[from] item: Leftovers\n|-damage|p1a: Annihilape|147/292|[from] Leech Seed|[of] p2a: Venusaur\n|upkeep\n|turn|26\n|\n|t:|1782822651\n|move|p2a: Venusaur|Substitute|p2a: Venusaur\n|-start|p2a: Venusaur|Substitute\n|-damage|p2a: Venusaur|204/272\n|move|p1a: Annihilape|Drain Punch|p2a: Venusaur\n|-resisted|p2a: Venusaur\n|-end|p2a: Venusaur|Substitute\n|-heal|p1a: Annihilape|181/292|[from] drain|[of] p2a: Venusaur\n|\n|-heal|p2a: Venusaur|221/272|[from] item: Leftovers\n|-heal|p1a: Annihilape|199/292|[from] item: Leftovers\n|-damage|p1a: Annihilape|163/292|[from] Leech Seed|[of] p2a: Venusaur\n|-heal|p2a: Venusaur|257/272|[silent]\n|upkeep\n|turn|27\n|\n|t:|1782822654\n|move|p2a: Venusaur|Substitute|p2a: Venusaur\n|-start|p2a: Venusaur|Substitute\n|-damage|p2a: Venusaur|189/272\n|move|p1a: Annihilape|Drain Punch|p2a: Venusaur\n|-resisted|p2a: Venusaur\n|-end|p2a: Venusaur|Substitute\n|-heal|p1a: Annihilape|197/292|[from] drain|[of] p2a: Venusaur\n|\n|-heal|p2a: Venusaur|206/272|[from] item: Leftovers\n|-heal|p1a: Annihilape|215/292|[from] item: Leftovers\n|-damage|p1a: Annihilape|179/292|[from] Leech Seed|[of] p2a: Venusaur\n|-heal|p2a: Venusaur|242/272|[silent]\n|upkeep\n|turn|28\n|\n|t:|1782822657\n|move|p2a: Venusaur|Substitute|p2a: Venusaur\n|-start|p2a: Venusaur|Substitute\n|-damage|p2a: Venusaur|174/272\n|move|p1a: Annihilape|Drain Punch|p2a: Venusaur\n|-resisted|p2a: Venusaur\n|-end|p2a: Venusaur|Substitute\n|-heal|p1a: Annihilape|213/292|[from] drain|[of] p2a: Venusaur\n|\n|-heal|p2a: Venusaur|191/272|[from] item: Leftovers\n|-heal|p1a: Annihilape|231/292|[from] item: Leftovers\n|-damage|p1a: Annihilape|195/292|[from] Leech Seed|[of] p2a: Venusaur\n|-heal|p2a: Venusaur|227/272|[silent]\n|upkeep\n|turn|29\n|\n|t:|1782822662\n|switch|p2a: Chandelure|Chandelure, L83, M|235/235\n|move|p1a: Annihilape|Drain Punch|p2a: Chandelure\n|-immune|p2a: Chandelure\n|\n|-heal|p1a: Annihilape|213/292|[from] item: Leftovers\n|-damage|p1a: Annihilape|177/292|[from] Leech Seed|[of] p2a: Chandelure\n|upkeep\n|turn|30\n|\n|t:|1782822671\n|switch|p1a: Dedenne|Dedenne, L88, F|171/261 slp\n|move|p2a: Chandelure|Shadow Ball|p1a: Dedenne\n|-damage|p1a: Dedenne|44/261 slp\n|-unboost|p1a: Dedenne|spd|1\n|\n|upkeep\n|turn|31\n|\n|t:|1782822676\n|cant|p1a: Dedenne|slp\n|move|p2a: Chandelure|Shadow Ball|p1a: Dedenne\n|-damage|p1a: Dedenne|0 fnt\n|faint|p1a: Dedenne\n|\n|upkeep\n|\n|t:|1782822678\n|switch|p1a: Hariyama|Hariyama, L87, F|343/392 brn\n|turn|32\n|\n|t:|1782822681\n|move|p2a: Chandelure|Shadow Ball|p1a: Hariyama\n|-damage|p1a: Hariyama|208/392 brn\n|move|p1a: Hariyama|Knock Off|p2a: Chandelure\n|-supereffective|p2a: Chandelure\n|-damage|p2a: Chandelure|0 fnt\n|-enditem|p2a: Chandelure|Heavy-Duty Boots|[from] move: Knock Off|[of] p1a: Hariyama\n|faint|p2a: Chandelure\n|\n|-damage|p1a: Hariyama|184/392 brn|[from] brn\n|upkeep\n|\n|t:|1782822691\n|switch|p2a: Venusaur|Venusaur, L84, F|227/272\n|turn|33\n|\n|t:|1782822694\n|move|p2a: Venusaur|Substitute|p2a: Venusaur\n|-start|p2a: Venusaur|Substitute\n|-damage|p2a: Venusaur|159/272\n|move|p1a: Hariyama|Knock Off|p2a: Venusaur\n|-end|p2a: Venusaur|Substitute\n|\n|-heal|p2a: Venusaur|176/272|[from] item: Leftovers\n|-damage|p1a: Hariyama|160/392 brn|[from] brn\n|upkeep\n|turn|34\n|\n|t:|1782822698\n|move|p2a: Venusaur|Substitute|p2a: Venusaur\n|-start|p2a: Venusaur|Substitute\n|-damage|p2a: Venusaur|108/272\n|move|p1a: Hariyama|Knock Off|p2a: Venusaur\n|-end|p2a: Venusaur|Substitute\n|\n|-heal|p2a: Venusaur|125/272|[from] item: Leftovers\n|-damage|p1a: Hariyama|136/392 brn|[from] brn\n|upkeep\n|turn|35\n|\n|t:|1782822700\n|move|p2a: Venusaur|Sludge Bomb|p1a: Hariyama\n|-damage|p1a: Hariyama|6/392 brn\n|move|p1a: Hariyama|Knock Off|p2a: Venusaur\n|-damage|p2a: Venusaur|0 fnt\n|-enditem|p2a: Venusaur|Leftovers|[from] move: Knock Off|[of] p1a: Hariyama\n|faint|p2a: Venusaur\n|\n|-damage|p1a: Hariyama|0 fnt|[from] brn\n|faint|p1a: Hariyama\n|upkeep\n|\n|t:|1782822704\n|switch|p2a: Lokix|Lokix, L82, M|251/251\n|switch|p1a: Annihilape|Annihilape, L76, M|177/292\n|turn|36\n|\n|t:|1782822709\n|move|p2a: Lokix|Swords Dance|p2a: Lokix\n|-boost|p2a: Lokix|atk|2\n|move|p1a: Annihilape|Bulk Up|p1a: Annihilape\n|-boost|p1a: Annihilape|atk|1\n|-boost|p1a: Annihilape|def|1\n|\n|-heal|p1a: Annihilape|195/292|[from] item: Leftovers\n|upkeep\n|turn|37\n|\n|t:|1782822711\n|move|p2a: Lokix|Knock Off|p1a: Annihilape\n|-damage|p1a: Annihilape|7/292\n|-enditem|p1a: Annihilape|Leftovers|[from] move: Knock Off|[of] p2a: Lokix\n|-damage|p2a: Lokix|226/251|[from] item: Life Orb\n|move|p1a: Annihilape|Drain Punch|p2a: Lokix\n|-damage|p2a: Lokix|108/251\n|-heal|p1a: Annihilape|66/292|[from] drain|[of] p2a: Lokix\n|\n|upkeep\n|turn|38\n|\n|t:|1782822717\n|move|p2a: Lokix|Knock Off|p1a: Annihilape\n|-damage|p1a: Annihilape|0 fnt\n|faint|p1a: Annihilape\n|-damage|p2a: Lokix|83/251|[from] item: Life Orb\n|\n|upkeep\n|\n|t:|1782822719\n|switch|p1a: Baxcalibur|Baxcalibur, L75, F|296/296\n|turn|39\n|\n|t:|1782822727\n|move|p2a: Lokix|Knock Off|p1a: Baxcalibur\n|-damage|p1a: Baxcalibur|0 fnt\n|-enditem|p1a: Baxcalibur|Heavy-Duty Boots|[from] move: Knock Off|[of] p2a: Lokix\n|faint|p1a: Baxcalibur\n|-damage|p2a: Lokix|58/251|[from] item: Life Orb\n|\n|win|Mr Tpen\n", "inputlog": ">version f8ac14003a5f27e1bdc8d8c59608a773c1cb96e5\n>start {\"formatid\":\"gen9randombattle\",\"seed\":\"sodium,5698c44d2798f190393202ddbb6f10dd\",\"rated\":\"Rated battle\"}\n>player p1 {\"name\":\"Sennett\",\"avatar\":\"zinnia-masters\",\"rating\":1950,\"seed\":\"sodium,e903660360285901bce160d24e3527a4\"}\n>player p2 {\"name\":\"Mr Tpen\",\"avatar\":\"2\",\"rating\":1937,\"seed\":\"sodium,8317bf581a7deef137bb4852b4af371e\"}\n>p1 move darkpulse\n>p2 move calmmind\n>p1 switch 2\n>p2 move rapidspin\n>p1 move irondefense\n>p2 move calmmind\n>p1 move bodypress\n>p2 move terastarstorm terastallize\n>p2 switch 5\n>p1 switch 3\n>p2 move sleeppowder\n>p1 move nuzzle\n>p2 move substitute\n>p1 move uturn\n>p2 move sludgebomb\n>p1 switch 3\n>p1 switch 2\n>p1 move darkpulse\n>p2 move sleeppowder\n>p1 move darkpulse\n>p2 move substitute\n>p1 move darkpulse\n>p2 move leechseed\n>p1 move darkpulse\n>p2 move substitute\n>p1 move darkpulse\n>p2 move substitute\n>p1 switch 3\n>p2 move substitute\n>p1 move uturn\n>p2 move sludgebomb\n>p1 switch 3\n>p1 move darkpulse\n>p2 move sludgebomb\n>p1 switch 4\n>p1 move knockoff\n>p2 move sleeppowder\n>p1 move knockoff\n>p2 move substitute\n>p1 move knockoff\n>p2 move leechseed\n>p1 switch 3\n>p2 move substitute\n>p1 move thunderbolt\n>p2 move sludgebomb\n>p1 move thunderbolt\n>p2 move sleeppowder\n>p1 switch 6\n>p2 move substitute\n>p1 move bulkup\n>p2 move leechseed\n>p1 move bulkup\n>p2 move sludgebomb\n>p1 move drainpunch\n>p2 move sludgebomb\n>p1 move drainpunch\n>p2 move substitute\n>p1 move drainpunch\n>p2 move substitute\n>p1 move drainpunch\n>p2 move substitute\n>p1 move drainpunch\n>p2 switch 2\n>p1 switch 6\n>p2 move shadowball\n>p1 move nuzzle\n>p2 move shadowball\n>p1 switch 3\n>p1 move knockoff\n>p2 move shadowball\n>p2 switch 2\n>p1 move knockoff\n>p2 move substitute\n>p1 move knockoff\n>p2 move substitute\n>p1 move knockoff\n>p2 move sludgebomb\n>p1 switch 6\n>p2 switch 6\n>p1 move bulkup\n>p2 move swordsdance\n>p1 move drainpunch\n>p2 move knockoff\n>p1 move drainpunch\n>p2 move knockoff\n>p1 switch 5\n>p1 move glaiverush\n>p2 move knockoff", "uploadtime": 1782822429, "views": 3, "formatid": "gen9randombattle", "rating": null, "private": 0, "password": null, "player_dets": [{"name": "Sennett", "avatar": "zinnia-masters", "rating": 1950, "seed": "sodium,e903660360285901bce160d24e3527a4"}, {"name": "Mr Tpen", "avatar": "2", "rating": 1937, "seed": "sodium,8317bf581a7deef137bb4852b4af371e"}], "teams_full": [{"Houndoom": {"name": "Houndoom", "species": "Houndoom", "speciesId": "houndoom", "gender": "M", "shiny": false, "level": 87, "moves": ["sludgebomb", "suckerpunch", "darkpulse", "fireblast"], "ability": "Flash Fire", "evs": {"hp": 85, "atk": 85, "def": 85, "spa": 85, "spd": 85, "spe": 85}, "ivs": {"hp": 31, "atk": 31, "def": 31, "spa": 31, "spd": 31, "spe": 31}, "item": "Heavy-Duty Boots", "teraType": "Fire", "role": "Fast Attacker", "bvs": {"hp": 75, "atk": 90, "def": 50, "spa": 110, "spd": 80, "spe": 95}, "stats": {"hp": 272, "atk": 206, "def": 137, "spa": 241, "spd": 189, "spe": 215}, "types": ["Dark", "Fire"]}, "Regirock": {"name": "Regirock", "species": "Regirock", "speciesId": "regirock", "gender": "N", "shiny": false, "level": 83, "moves": ["rest", "bodypress", "irondefense", "stoneedge"], "ability": "Clear Body", "evs": {"hp": 85, "atk": 85, "def": 85, "spa": 85, "spd": 85, "spe": 85}, "ivs": {"hp": 31, "atk": 31, "def": 31, "spa": 31, "spd": 31, "spe": 31}, "item": "Chesto Berry", "teraType": "Fighting", "role": "Bulky Setup", "bvs": {"hp": 80, "atk": 100, "def": 200, "spa": 50, "spd": 100, "spe": 50}, "stats": {"hp": 268, "atk": 214, "def": 380, "spa": 131, "spd": 214, "spe": 131}, "types": ["Rock"]}, "Dedenne": {"name": "Dedenne", "species": "Dedenne", "speciesId": "dedenne", "gender": "F", "shiny": false, "level": 88, "moves": ["dazzlinggleam", "nuzzle", "uturn", "thunderbolt"], "ability": "Cheek Pouch", "evs": {"hp": 85, "atk": 85, "def": 85, "spa": 85, "spd": 85, "spe": 85}, "ivs": {"hp": 31, "atk": 31, "def": 31, "spa": 31, "spd": 31, "spe": 31}, "item": "Sitrus Berry", "teraType": "Flying", "role": "Fast Support", "bvs": {"hp": 67, "atk": 58, "def": 57, "spa": 81, "spd": 67, "spe": 101}, "stats": {"hp": 261, "atk": 152, "def": 151, "spa": 193, "spd": 168, "spe": 228}, "types": ["Electric", "Fairy"]}, "Hariyama": {"name": "Hariyama", "species": "Hariyama", "speciesId": "hariyama", "gender": "F", "shiny": false, "level": 87, "moves": ["facade", "closecombat", "headlongrush", "knockoff"], "ability": "Guts", "evs": {"hp": 85, "atk": 85, "def": 85, "spa": 85, "spd": 85, "spe": 85}, "ivs": {"hp": 31, "atk": 31, "def": 31, "spa": 31, "spd": 31, "spe": 31}, "item": "Flame Orb", "teraType": "Normal", "role": "Wallbreaker", "bvs": {"hp": 144, "atk": 120, "def": 60, "spa": 40, "spd": 60, "spe": 50}, "stats": {"hp": 392, "atk": 259, "def": 154, "spa": 119, "spd": 154, "spe": 137}, "types": ["Fighting"]}, "Baxcalibur": {"name": "Baxcalibur", "species": "Baxcalibur", "speciesId": "baxcalibur", "gender": "F", "shiny": false, "level": 75, "moves": ["iciclecrash", "glaiverush", "dragondance", "earthquake"], "ability": "Thermal Exchange", "evs": {"hp": 85, "atk": 85, "def": 85, "spa": 85, "spd": 85, "spe": 85}, "ivs": {"hp": 31, "atk": 31, "def": 31, "spa": 31, "spd": 31, "spe": 31}, "item": "Heavy-Duty Boots", "teraType": "Dragon", "role": "Setup Sweeper", "bvs": {"hp": 115, "atk": 145, "def": 92, "spa": 75, "spd": 86, "spe": 87}, "stats": {"hp": 296, "atk": 261, "def": 182, "spa": 156, "spd": 173, "spe": 174}, "types": ["Dragon", "Ice"]}, "Annihilape": {"name": "Annihilape", "species": "Annihilape", "speciesId": "annihilape", "gender": "M", "shiny": false, "level": 76, "moves": ["ragefist", "bulkup", "gunkshot", "drainpunch"], "ability": "Defiant", "evs": {"hp": 85, "atk": 85, "def": 85, "spa": 85, "spd": 85, "spe": 85}, "ivs": {"hp": 31, "atk": 31, "def": 31, "spa": 31, "spd": 31, "spe": 31}, "item": "Leftovers", "teraType": "Fairy", "role": "Bulky Setup", "bvs": {"hp": 110, "atk": 115, "def": 80, "spa": 50, "spd": 90, "spe": 90}, "stats": {"hp": 292, "atk": 219, "def": 166, "spa": 120, "spd": 181, "spe": 181}, "types": ["Fighting", "Ghost"]}}, {"Terapagos": {"name": "Terapagos", "species": "Terapagos", "speciesId": "terapagos", "gender": "F", "shiny": false, "level": 77, "moves": ["terastarstorm", "rapidspin", "calmmind", "darkpulse"], "ability": "Tera Shift", "evs": {"hp": 85, "atk": 85, "def": 85, "spa": 85, "spd": 85, "spe": 85}, "ivs": {"hp": 31, "atk": 31, "def": 31, "spa": 31, "spd": 31, "spe": 31}, "item": "Heavy-Duty Boots", "teraType": "Stellar", "role": "Setup Sweeper", "bvs": {"hp": 90, "atk": 65, "def": 85, "spa": 65, "spd": 85, "spe": 60}, "stats": {"hp": 265, "atk": 145, "def": 175, "spa": 145, "spd": 175, "spe": 137}, "types": ["Normal"]}, "Chandelure": {"name": "Chandelure", "species": "Chandelure", "speciesId": "chandelure", "gender": "M", "shiny": false, "level": 83, "moves": ["calmmind", "shadowball", "painsplit", "fireblast"], "ability": "Flash Fire", "evs": {"hp": 85, "atk": 0, "def": 85, "spa": 85, "spd": 85, "spe": 85}, "ivs": {"hp": 31, "atk": 0, "def": 31, "spa": 31, "spd": 31, "spe": 31}, "item": "Heavy-Duty Boots", "teraType": "Fire", "role": "Fast Bulky Setup", "bvs": {"hp": 60, "atk": 55, "def": 90, "spa": 145, "spd": 90, "spe": 80}, "stats": {"hp": 235, "atk": 96, "def": 197, "spa": 288, "spd": 197, "spe": 180}, "types": ["Ghost", "Fire"]}, "Muk": {"name": "Muk", "species": "Muk-Alola", "speciesId": "mukalola", "gender": "F", "shiny": false, "level": 82, "moves": ["knockoff", "gunkshot", "drainpunch", "icepunch"], "ability": "Poison Touch", "evs": {"hp": 85, "atk": 85, "def": 85, "spa": 85, "spd": 85, "spe": 85}, "ivs": {"hp": 31, "atk": 31, "def": 31, "spa": 31, "spd": 31, "spe": 31}, "item": "Assault Vest", "teraType": "Fighting", "role": "AV Pivot", "bvs": {"hp": 105, "atk": 105, "def": 75, "spa": 65, "spd": 100, "spe": 50}, "stats": {"hp": 306, "atk": 219, "def": 170, "spa": 154, "spd": 211, "spe": 129}, "types": ["Poison", "Dark"]}, "Zekrom": {"name": "Zekrom", "species": "Zekrom", "speciesId": "zekrom", "gender": "N", "shiny": false, "level": 71, "moves": ["dragondance", "substitute", "outrage", "boltstrike"], "ability": "Teravolt", "evs": {"hp": 85, "atk": 85, "def": 85, "spa": 85, "spd": 85, "spe": 85}, "ivs": {"hp": 31, "atk": 31, "def": 31, "spa": 31, "spd": 31, "spe": 31}, "item": "Leftovers", "teraType": "Electric", "role": "Setup Sweeper", "bvs": {"hp": 100, "atk": 150, "def": 120, "spa": 120, "spd": 100, "spe": 90}, "stats": {"hp": 259, "atk": 254, "def": 212, "spa": 212, "spd": 183, "spe": 169}, "types": ["Dragon", "Electric"]}, "Venusaur": {"name": "Venusaur", "species": "Venusaur", "speciesId": "venusaur", "gender": "F", "shiny": false, "level": 84, "moves": ["leechseed", "sludgebomb", "substitute", "sleeppowder"], "ability": "Chlorophyll", "evs": {"hp": 85, "atk": 0, "def": 85, "spa": 85, "spd": 85, "spe": 85}, "ivs": {"hp": 31, "atk": 0, "def": 31, "spa": 31, "spd": 31, "spe": 31}, "item": "Leftovers", "teraType": "Water", "role": "Bulky Support", "bvs": {"hp": 80, "atk": 82, "def": 83, "spa": 100, "spd": 100, "spe": 80}, "stats": {"hp": 272, "atk": 142, "def": 188, "spa": 216, "spd": 216, "spe": 183}, "types": ["Grass", "Poison"]}, "Lokix": {"name": "Lokix", "species": "Lokix", "speciesId": "lokix", "gender": "M", "shiny": false, "level": 82, "moves": ["swordsdance", "leechlife", "knockoff", "suckerpunch"], "ability": "Tinted Lens", "evs": {"hp": 85, "atk": 85, "def": 85, "spa": 85, "spd": 85, "spe": 85}, "ivs": {"hp": 31, "atk": 31, "def": 31, "spa": 31, "spd": 31, "spe": 31}, "item": "Life Orb", "teraType": "Dark", "role": "Setup Sweeper", "bvs": {"hp": 71, "atk": 102, "def": 78, "spa": 52, "spd": 55, "spe": 92}, "stats": {"hp": 251, "atk": 214, "def": 175, "spa": 132, "spd": 137, "spe": 198}, "types": ["Bug", "Dark"]}}]}