{"id": "gen9randombattle-2641629386", "format": "[Gen 9] Random Battle", "players": ["SigurdZZ", "MichaelderBeste2"], "log": "|badge|p1|bronze|gen9randombattle|100-9\n|html|<div class=\"broadcast-red\"><strong>This battle is required to be public due to one or more player having a season medal.</strong><br />During the public phase, you can discuss the state of the ladder <a href=\"/seasondiscussion\">in a special chatroom.</a></div>\n|uhtml|medal-msg|<div class=\"broadcast-blue\">Curious what those medals under the avatar are? PS now has Ladder Seasons! For more information, check out the <a href=\"https://www.smogon.com/forums/threads/3740067/\">thread on Smogon.</a></div>\n|badge|p2|silver|gen9randombattle|30-9\n|uhtml|medal-msg|<div class=\"broadcast-blue\">Curious what those medals under the avatar are? PS now has Ladder Seasons! For more information, check out the <a href=\"https://www.smogon.com/forums/threads/3740067/\">thread on Smogon.</a></div>\n|raw|<div class=\"broadcast-blue\"><strong>This battle is required to be public due to a player having a name starting with 'medal'.</div>\n|j|\u2606SigurdZZ\n|j|\u2606MichaelderBeste2\n|t:|1782821637\n|gametype|singles\n|player|p1|SigurdZZ|misty|2319\n|player|p2|MichaelderBeste2|#wcop2026germany|2463\n|gen|9\n|tier|[Gen 9] Random Battle\n|rated|\n|rule|Species Clause: Limit one of each Pok\u00e9mon\n|rule|HP Percentage Mod: HP is shown in percentages\n|rule|Sleep Clause Mod: Limit one foe put to sleep\n|rule|Illusion Level Mod: Illusion disguises the Pok\u00e9mon's true level\n|\n|t:|1782821637\n|teamsize|p1|6\n|teamsize|p2|6\n|start\n|switch|p1a: Electrode|Electrode-Hisui, L87|246/246\n|switch|p2a: Scizor|Scizor, L79, F|240/240\n|turn|1\n|inactive|Battle timer is ON: inactive players will automatically lose when time's up. (requested by SigurdZZ)\n|\n|t:|1782821648\n|move|p1a: Electrode|Substitute|p1a: Electrode\n|-start|p1a: Electrode|Substitute\n|-damage|p1a: Electrode|185/246\n|move|p2a: Scizor|U-turn|p1a: Electrode\n|-supereffective|p1a: Electrode\n|-end|p1a: Electrode|Substitute\n|\n|t:|1782821654\n|switch|p2a: Venusaur|Venusaur, L84, F|272/272|[from] U-turn\n|\n|-heal|p1a: Electrode|200/246|[from] item: Leftovers\n|upkeep\n|turn|2\n|\n|t:|1782821659\n|switch|p1a: Corviknight|Corviknight, L80, M|288/288\n|move|p2a: Venusaur|Leech Seed|p1a: Corviknight\n|-start|p1a: Corviknight|move: Leech Seed\n|\n|-damage|p1a: Corviknight|252/288|[from] Leech Seed|[of] p2a: Venusaur\n|upkeep\n|turn|3\n|\n|t:|1782821675\n|switch|p2a: Sudowoodo|Sudowoodo, L94, F|284/284\n|move|p1a: Corviknight|U-turn|p2a: Sudowoodo\n|-damage|p2a: Sudowoodo|250/284\n|\n|t:|1782821678\n|switch|p1a: Volcanion|Volcanion, L79|256/256|[from] U-turn\n|\n|upkeep\n|turn|4\n|\n|t:|1782821697\n|switch|p2a: Basculegion|Basculegion-F, L83, F|335/335\n|move|p1a: Volcanion|Steam Eruption|p2a: Basculegion\n|-resisted|p2a: Basculegion\n|-damage|p2a: Basculegion|288/335\n|\n|upkeep\n|turn|5\n|\n|t:|1782821704\n|switch|p1a: Girafarig|Girafarig, L89, M|269/269\n|move|p2a: Basculegion|Shadow Ball|p1a: Girafarig\n|-immune|p1a: Girafarig\n|\n|upkeep\n|turn|6\n|\n|t:|1782821717\n|move|p1a: Girafarig|Nasty Plot|p1a: Girafarig\n|-boost|p1a: Girafarig|spa|2\n|move|p2a: Basculegion|Flip Turn|p1a: Girafarig\n|-damage|p1a: Girafarig|201/269\n|\n|t:|1782821720\n|switch|p2a: Scizor|Scizor, L79, F|240/240|[from] Flip Turn\n|\n|upkeep\n|turn|7\n|\n|t:|1782821729\n|-terastallize|p1a: Girafarig|Normal\n|move|p1a: Girafarig|Thunderbolt|p2a: Scizor\n|-damage|p2a: Scizor|100/240\n|move|p2a: Scizor|U-turn|p1a: Girafarig\n|-damage|p1a: Girafarig|107/269\n|\n|t:|1782821755\n|switch|p2a: Sudowoodo|Sudowoodo, L94, F|250/284|[from] U-turn\n|\n|upkeep\n|turn|8\n|\n|t:|1782821760\n|move|p1a: Girafarig|Hyper Voice|p2a: Sudowoodo\n|-resisted|p2a: Sudowoodo\n|-damage|p2a: Sudowoodo|107/284\n|move|p2a: Sudowoodo|Head Smash|p1a: Girafarig\n|-damage|p1a: Girafarig|0 fnt\n|faint|p1a: Girafarig\n|\n|upkeep\n|\n|t:|1782821771\n|switch|p1a: Electrode|Electrode-Hisui, L87|200/246\n|turn|9\n|\n|t:|1782821789\n|switch|p2a: Venusaur|Venusaur, L84, F|272/272\n|move|p1a: Electrode|Giga Drain|p2a: Venusaur\n|-resisted|p2a: Venusaur\n|-crit|p2a: Venusaur\n|-damage|p2a: Venusaur|248/272\n|-heal|p1a: Electrode|212/246|[from] drain|[of] p2a: Venusaur\n|\n|-heal|p1a: Electrode|227/246|[from] item: Leftovers\n|-heal|p2a: Venusaur|265/272|[from] item: Leftovers\n|upkeep\n|turn|10\n|\n|t:|1782821795\n|switch|p2a: Skarmory|Skarmory, L80, F|235/235\n|move|p1a: Electrode|Substitute|p1a: Electrode\n|-start|p1a: Electrode|Substitute\n|-damage|p1a: Electrode|166/246\n|\n|-heal|p1a: Electrode|181/246|[from] item: Leftovers\n|upkeep\n|turn|11\n|\n|t:|1782821798\n|switch|p2a: Venusaur|Venusaur, L84, F|265/272\n|move|p1a: Electrode|Thunderbolt|p2a: Venusaur\n|-resisted|p2a: Venusaur\n|-damage|p2a: Venusaur|227/272\n|\n|-heal|p1a: Electrode|196/246|[from] item: Leftovers\n|-heal|p2a: Venusaur|244/272|[from] item: Leftovers\n|upkeep\n|turn|12\n|\n|t:|1782821801\n|move|p1a: Electrode|Thunderbolt|p2a: Venusaur\n|-resisted|p2a: Venusaur\n|-crit|p2a: Venusaur\n|-damage|p2a: Venusaur|183/272\n|move|p2a: Venusaur|Sludge Bomb|p1a: Electrode\n|-supereffective|p1a: Electrode\n|-end|p1a: Electrode|Substitute\n|\n|-heal|p1a: Electrode|211/246|[from] item: Leftovers\n|-heal|p2a: Venusaur|200/272|[from] item: Leftovers\n|upkeep\n|turn|13\n|\n|t:|1782821805\n|switch|p1a: Corviknight|Corviknight, L80, M|252/288\n|move|p2a: Venusaur|Sludge Bomb|p1a: Corviknight\n|-immune|p1a: Corviknight\n|\n|-heal|p2a: Venusaur|217/272|[from] item: Leftovers\n|-heal|p1a: Corviknight|270/288|[from] item: Leftovers\n|upkeep\n|turn|14\n|\n|t:|1782821809\n|move|p2a: Venusaur|Substitute|p2a: Venusaur\n|-start|p2a: Venusaur|Substitute\n|-damage|p2a: Venusaur|149/272\n|move|p1a: Corviknight|U-turn|p2a: Venusaur\n|-activate|p2a: Venusaur|move: Substitute|[damage]\n|\n|t:|1782821813\n|switch|p1a: Spidops|Spidops, L96, F|271/271|[from] U-turn\n|\n|-heal|p2a: Venusaur|166/272|[from] item: Leftovers\n|upkeep\n|turn|15\n|inactive|MichaelderBeste2 has 120 seconds left.\n|\n|t:|1782821846\n|move|p2a: Venusaur|Sludge Bomb|p1a: Spidops\n|-damage|p1a: Spidops|187/271\n|move|p1a: Spidops|Spikes|p2a: Venusaur\n|-sidestart|p2: MichaelderBeste2|Spikes\n|\n|-heal|p2a: Venusaur|183/272|[from] item: Leftovers\n|upkeep\n|turn|16\n|\n|t:|1782821852\n|move|p2a: Venusaur|Sludge Bomb|p1a: Spidops\n|-damage|p1a: Spidops|106/271\n|-status|p1a: Spidops|psn\n|move|p1a: Spidops|Sticky Web|p2a: Venusaur\n|-sidestart|p2: MichaelderBeste2|move: Sticky Web\n|\n|-heal|p2a: Venusaur|200/272|[from] item: Leftovers\n|-damage|p1a: Spidops|73/271 psn|[from] psn\n|upkeep\n|turn|17\n|\n|t:|1782821857\n|switch|p1a: Corviknight|Corviknight, L80, M|270/288\n|move|p2a: Venusaur|Sludge Bomb|p1a: Corviknight\n|-immune|p1a: Corviknight\n|\n|-heal|p2a: Venusaur|217/272|[from] item: Leftovers\n|-heal|p1a: Corviknight|288/288|[from] item: Leftovers\n|upkeep\n|turn|18\n|j| lilboymp4\n|\n|t:|1782821861\n|move|p2a: Venusaur|Giga Drain|p1a: Corviknight\n|-resisted|p1a: Corviknight\n|-damage|p1a: Corviknight|265/288\n|-heal|p2a: Venusaur|229/272|[from] drain|[of] p1a: Corviknight\n|move|p1a: Corviknight|U-turn|p2a: Venusaur\n|-end|p2a: Venusaur|Substitute\n|\n|t:|1782821864\n|switch|p1a: Charizard|Charizard, L85, M|271/271|[from] U-turn\n|\n|-heal|p2a: Venusaur|246/272|[from] item: Leftovers\n|upkeep\n|turn|19\n|\n|t:|1782821868\n|switch|p1a: Spidops|Spidops, L96, F|73/271 psn\n|switch|p2a: Swampert|Swampert, L83, M|302/302\n|-damage|p2a: Swampert|265/302|[from] Spikes\n|-activate|p2a: Swampert|move: Sticky Web\n|-unboost|p2a: Swampert|spe|1\n|\n|-damage|p1a: Spidops|40/271 psn|[from] psn\n|upkeep\n|turn|20\n|\n|t:|1782821876\n|move|p1a: Spidops|Knock Off|p2a: Swampert\n|-crit|p2a: Swampert\n|-damage|p2a: Swampert|150/302\n|-enditem|p2a: Swampert|Assault Vest|[from] move: Knock Off|[of] p1a: Spidops\n|move|p2a: Swampert|Knock Off|p1a: Spidops\n|-damage|p1a: Spidops|0 fnt\n|-enditem|p1a: Spidops|Heavy-Duty Boots|[from] move: Knock Off|[of] p2a: Swampert\n|faint|p1a: Spidops\n|\n|upkeep\n|\n|t:|1782821888\n|switch|p1a: Electrode|Electrode-Hisui, L87|211/246\n|turn|21\n|\n|t:|1782821904\n|switch|p2a: Venusaur|Venusaur, L84, F|246/272\n|-damage|p2a: Venusaur|212/272|[from] Spikes\n|-activate|p2a: Venusaur|move: Sticky Web\n|-unboost|p2a: Venusaur|spe|1\n|move|p1a: Electrode|Giga Drain|p2a: Venusaur\n|-resisted|p2a: Venusaur\n|-damage|p2a: Venusaur|197/272\n|-heal|p1a: Electrode|219/246|[from] drain|[of] p2a: Venusaur\n|\n|-heal|p1a: Electrode|234/246|[from] item: Leftovers\n|-heal|p2a: Venusaur|214/272|[from] item: Leftovers\n|upkeep\n|turn|22\n|\n|t:|1782821907\n|switch|p1a: Corviknight|Corviknight, L80, M|265/288\n|move|p2a: Venusaur|Sludge Bomb|p1a: Corviknight\n|-immune|p1a: Corviknight\n|\n|-heal|p1a: Corviknight|283/288|[from] item: Leftovers\n|-heal|p2a: Venusaur|231/272|[from] item: Leftovers\n|upkeep\n|turn|23\n|\n|t:|1782821911\n|switch|p2a: Skarmory|Skarmory, L80, F|235/235\n|move|p1a: Corviknight|Brave Bird|p2a: Skarmory\n|-resisted|p2a: Skarmory\n|-damage|p2a: Skarmory|194/235\n|-damage|p1a: Corviknight|269/288|[from] Recoil\n|\n|-heal|p2a: Skarmory|208/235|[from] item: Leftovers\n|-heal|p1a: Corviknight|287/288|[from] item: Leftovers\n|upkeep\n|turn|24\n|\n|t:|1782821913\n|move|p2a: Skarmory|Stealth Rock|p1a: Corviknight\n|-sidestart|p1: SigurdZZ|move: Stealth Rock\n|move|p1a: Corviknight|U-turn|p2a: Skarmory\n|-resisted|p2a: Skarmory\n|-damage|p2a: Skarmory|200/235\n|\n|t:|1782821917\n|switch|p1a: Volcanion|Volcanion, L79|256/256|[from] U-turn\n|\n|-heal|p2a: Skarmory|214/235|[from] item: Leftovers\n|upkeep\n|turn|25\n|\n|t:|1782821946\n|switch|p2a: Sudowoodo|Sudowoodo, L94, F|107/284\n|-damage|p2a: Sudowoodo|72/284|[from] Spikes\n|-activate|p2a: Sudowoodo|move: Sticky Web\n|-unboost|p2a: Sudowoodo|spe|1\n|move|p1a: Volcanion|Steam Eruption|p2a: Sudowoodo\n|-supereffective|p2a: Sudowoodo\n|-damage|p2a: Sudowoodo|0 fnt\n|faint|p2a: Sudowoodo\n|\n|upkeep\n|\n|t:|1782821947\n|switch|p2a: Basculegion|Basculegion-F, L83, F|288/335\n|-damage|p2a: Basculegion|247/335|[from] Spikes\n|-activate|p2a: Basculegion|move: Sticky Web\n|-unboost|p2a: Basculegion|spe|1\n|turn|26\n|\n|t:|1782821952\n|switch|p1a: Electrode|Electrode-Hisui, L87|234/246\n|-damage|p1a: Electrode|204/246|[from] Stealth Rock\n|move|p2a: Basculegion|Shadow Ball|p1a: Electrode\n|-damage|p1a: Electrode|94/246\n|\n|-heal|p1a: Electrode|109/246|[from] item: Leftovers\n|upkeep\n|turn|27\n|\n|t:|1782821982\n|switch|p2a: Venusaur|Venusaur, L84, F|231/272\n|-damage|p2a: Venusaur|197/272|[from] Spikes\n|-activate|p2a: Venusaur|move: Sticky Web\n|-unboost|p2a: Venusaur|spe|1\n|move|p1a: Electrode|Giga Drain|p2a: Venusaur\n|-resisted|p2a: Venusaur\n|-damage|p2a: Venusaur|179/272\n|-heal|p1a: Electrode|118/246|[from] drain|[of] p2a: Venusaur\n|\n|-heal|p1a: Electrode|133/246|[from] item: Leftovers\n|-heal|p2a: Venusaur|196/272|[from] item: Leftovers\n|upkeep\n|turn|28\n|\n|t:|1782821986\n|switch|p1a: Corviknight|Corviknight, L80, M|287/288\n|-damage|p1a: Corviknight|251/288|[from] Stealth Rock\n|move|p2a: Venusaur|Leech Seed|p1a: Corviknight\n|-start|p1a: Corviknight|move: Leech Seed\n|\n|-heal|p1a: Corviknight|269/288|[from] item: Leftovers\n|-heal|p2a: Venusaur|213/272|[from] item: Leftovers\n|-damage|p1a: Corviknight|233/288|[from] Leech Seed|[of] p2a: Venusaur\n|-heal|p2a: Venusaur|249/272|[silent]\n|upkeep\n|turn|29\n|\n|t:|1782821995\n|switch|p2a: Skarmory|Skarmory, L80, F|214/235\n|move|p1a: Corviknight|U-turn|p2a: Skarmory\n|-resisted|p2a: Skarmory\n|-damage|p2a: Skarmory|207/235\n|\n|t:|1782821998\n|switch|p1a: Volcanion|Volcanion, L79|256/256|[from] U-turn\n|\n|-heal|p2a: Skarmory|221/235|[from] item: Leftovers\n|upkeep\n|turn|30\n|\n|t:|1782822011\n|move|p2a: Skarmory|Brave Bird|p1a: Volcanion\n|-damage|p1a: Volcanion|169/256\n|-damage|p2a: Skarmory|192/235|[from] Recoil\n|move|p1a: Volcanion|Steam Eruption|p2a: Skarmory\n|-damage|p2a: Skarmory|39/235\n|-status|p2a: Skarmory|brn\n|\n|-heal|p2a: Skarmory|53/235 brn|[from] item: Leftovers\n|-damage|p2a: Skarmory|39/235 brn|[from] brn\n|upkeep\n|turn|31\n|\n|t:|1782822033\n|switch|p1a: Charizard|Charizard, L85, M|271/271\n|move|p2a: Skarmory|Brave Bird|p1a: Charizard\n|-damage|p1a: Charizard|215/271\n|-damage|p2a: Skarmory|21/235 brn|[from] Recoil\n|\n|-heal|p2a: Skarmory|35/235 brn|[from] item: Leftovers\n|-damage|p2a: Skarmory|21/235 brn|[from] brn\n|upkeep\n|turn|32\n|\n|t:|1782822052\n|move|p1a: Charizard|Dragon Dance|p1a: Charizard\n|-boost|p1a: Charizard|atk|1\n|-boost|p1a: Charizard|spe|1\n|move|p2a: Skarmory|Brave Bird|p1a: Charizard\n|-damage|p1a: Charizard|158/271\n|-damage|p2a: Skarmory|2/235 brn|[from] Recoil\n|\n|-heal|p2a: Skarmory|16/235 brn|[from] item: Leftovers\n|-damage|p2a: Skarmory|2/235 brn|[from] brn\n|upkeep\n|turn|33\n|\n|t:|1782822057\n|move|p1a: Charizard|Dragon Dance|p1a: Charizard\n|-boost|p1a: Charizard|atk|1\n|-boost|p1a: Charizard|spe|1\n|move|p2a: Skarmory|Brave Bird|p1a: Charizard\n|-crit|p1a: Charizard\n|-damage|p1a: Charizard|81/271\n|-damage|p2a: Skarmory|0 fnt|[from] Recoil\n|faint|p2a: Skarmory\n|\n|upkeep\n|\n|t:|1782822075\n|switch|p2a: Basculegion|Basculegion-F, L83, F|247/335\n|-damage|p2a: Basculegion|206/335|[from] Spikes\n|-activate|p2a: Basculegion|move: Sticky Web\n|-unboost|p2a: Basculegion|spe|1\n|turn|34\n|\n|t:|1782822084\n|move|p1a: Charizard|Flare Blitz|p2a: Basculegion\n|-resisted|p2a: Basculegion\n|-damage|p2a: Basculegion|0 fnt\n|faint|p2a: Basculegion\n|-damage|p1a: Charizard|13/271|[from] Recoil\n|\n|upkeep\n|\n|t:|1782822086\n|switch|p2a: Scizor|Scizor, L79, F|100/240\n|-damage|p2a: Scizor|70/240|[from] Spikes\n|-activate|p2a: Scizor|move: Sticky Web\n|-unboost|p2a: Scizor|spe|1\n|turn|35\n|\n|t:|1782822089\n|switch|p1a: Electrode|Electrode-Hisui, L87|133/246\n|-damage|p1a: Electrode|103/246|[from] Stealth Rock\n|move|p2a: Scizor|Knock Off|p1a: Electrode\n|-damage|p1a: Electrode|0 fnt\n|-enditem|p1a: Electrode|Leftovers|[from] move: Knock Off|[of] p2a: Scizor\n|faint|p1a: Electrode\n|\n|upkeep\n|\n|t:|1782822095\n|switch|p1a: Volcanion|Volcanion, L79|169/256\n|turn|36\n|\n|t:|1782822104\n|switch|p2a: Swampert|Swampert, L83, M|150/302\n|-damage|p2a: Swampert|113/302|[from] Spikes\n|-activate|p2a: Swampert|move: Sticky Web\n|-unboost|p2a: Swampert|spe|1\n|move|p1a: Volcanion|Flamethrower|p2a: Swampert\n|-resisted|p2a: Swampert\n|-damage|p2a: Swampert|64/302\n|-status|p2a: Swampert|brn\n|\n|-damage|p2a: Swampert|46/302 brn|[from] brn\n|upkeep\n|turn|37\n|\n|t:|1782822113\n|move|p1a: Volcanion|Earth Power|p2a: Swampert\n|-damage|p2a: Swampert|0 fnt\n|faint|p2a: Swampert\n|\n|upkeep\n|\n|t:|1782822126\n|switch|p2a: Venusaur|Venusaur, L84, F|249/272\n|-damage|p2a: Venusaur|215/272|[from] Spikes\n|-activate|p2a: Venusaur|move: Sticky Web\n|-unboost|p2a: Venusaur|spe|1\n|turn|38\n|\n|t:|1782822130\n|switch|p1a: Corviknight|Corviknight, L80, M|233/288\n|-damage|p1a: Corviknight|197/288|[from] Stealth Rock\n|move|p2a: Venusaur|Giga Drain|p1a: Corviknight\n|-resisted|p1a: Corviknight\n|-damage|p1a: Corviknight|175/288\n|-heal|p2a: Venusaur|226/272|[from] drain|[of] p1a: Corviknight\n|\n|-heal|p1a: Corviknight|193/288|[from] item: Leftovers\n|-heal|p2a: Venusaur|243/272|[from] item: Leftovers\n|upkeep\n|turn|39\n|\n|t:|1782822139\n|-terastallize|p2a: Venusaur|Steel\n|move|p1a: Corviknight|Brave Bird|p2a: Venusaur\n|-resisted|p2a: Venusaur\n|-damage|p2a: Venusaur|187/272\n|-damage|p1a: Corviknight|175/288|[from] Recoil\n|move|p2a: Venusaur|Substitute|p2a: Venusaur\n|-start|p2a: Venusaur|Substitute\n|-damage|p2a: Venusaur|119/272\n|\n|-heal|p1a: Corviknight|193/288|[from] item: Leftovers\n|-heal|p2a: Venusaur|136/272|[from] item: Leftovers\n|upkeep\n|turn|40\n|\n|t:|1782822143\n|move|p1a: Corviknight|U-turn|p2a: Venusaur\n|-resisted|p2a: Venusaur\n|-activate|p2a: Venusaur|move: Substitute|[damage]\n|\n|t:|1782822157\n|switch|p1a: Volcanion|Volcanion, L79|169/256|[from] U-turn\n|move|p2a: Venusaur|Leech Seed|p1a: Volcanion\n|-start|p1a: Volcanion|move: Leech Seed\n|\n|-heal|p2a: Venusaur|153/272|[from] item: Leftovers\n|-damage|p1a: Volcanion|137/256|[from] Leech Seed|[of] p2a: Venusaur\n|-heal|p2a: Venusaur|185/272|[silent]\n|upkeep\n|turn|41\n|\n|t:|1782822183\n|switch|p1a: Corviknight|Corviknight, L80, M|193/288\n|-damage|p1a: Corviknight|157/288|[from] Stealth Rock\n|move|p2a: Venusaur|Substitute|p2a: Venusaur\n|-fail|p2a: Venusaur|move: Substitute\n|\n|-heal|p1a: Corviknight|175/288|[from] item: Leftovers\n|-heal|p2a: Venusaur|202/272|[from] item: Leftovers\n|upkeep\n|turn|42\n|inactive|MichaelderBeste2 has 120 seconds left.\n|\n|t:|1782822226\n|move|p1a: Corviknight|Roost|p1a: Corviknight\n|-heal|p1a: Corviknight|288/288\n|-singleturn|p1a: Corviknight|move: Roost\n|move|p2a: Venusaur|Leech Seed|p1a: Corviknight|[miss]\n|-miss|p2a: Venusaur|p1a: Corviknight\n|\n|-heal|p2a: Venusaur|219/272|[from] item: Leftovers\n|upkeep\n|turn|43\n|\n|t:|1782822235\n|move|p1a: Corviknight|Brave Bird|p2a: Venusaur\n|-resisted|p2a: Venusaur\n|-end|p2a: Venusaur|Substitute\n|-damage|p1a: Corviknight|272/288|[from] Recoil|[of] p2a: Venusaur\n|move|p2a: Venusaur|Leech Seed|p1a: Corviknight\n|-start|p1a: Corviknight|move: Leech Seed\n|\n|-heal|p1a: Corviknight|288/288|[from] item: Leftovers\n|-heal|p2a: Venusaur|236/272|[from] item: Leftovers\n|-damage|p1a: Corviknight|252/288|[from] Leech Seed|[of] p2a: Venusaur\n|-heal|p2a: Venusaur|272/272|[silent]\n|upkeep\n|turn|44\n|\n|t:|1782822244\n|switch|p1a: Volcanion|Volcanion, L79|137/256\n|move|p2a: Venusaur|Substitute|p2a: Venusaur\n|-start|p2a: Venusaur|Substitute\n|-damage|p2a: Venusaur|204/272\n|\n|-heal|p2a: Venusaur|221/272|[from] item: Leftovers\n|upkeep\n|turn|45\n|inactive|MichaelderBeste2 has 120 seconds left.\n|\n|t:|1782822270\n|switch|p1a: Corviknight|Corviknight, L80, M|252/288\n|-damage|p1a: Corviknight|216/288|[from] Stealth Rock\n|move|p2a: Venusaur|Leech Seed|p1a: Corviknight\n|-start|p1a: Corviknight|move: Leech Seed\n|\n|-heal|p1a: Corviknight|234/288|[from] item: Leftovers\n|-heal|p2a: Venusaur|238/272|[from] item: Leftovers\n|-damage|p1a: Corviknight|198/288|[from] Leech Seed|[of] p2a: Venusaur\n|-heal|p2a: Venusaur|272/272|[silent]\n|upkeep\n|turn|46\n|\n|t:|1782822276\n|move|p1a: Corviknight|Brave Bird|p2a: Venusaur\n|-resisted|p2a: Venusaur\n|-activate|p2a: Venusaur|move: Substitute|[damage]\n|-damage|p1a: Corviknight|178/288|[from] Recoil|[of] p2a: Venusaur\n|move|p2a: Venusaur|Giga Drain|p1a: Corviknight\n|-resisted|p1a: Corviknight\n|-damage|p1a: Corviknight|157/288\n|\n|-heal|p1a: Corviknight|175/288|[from] item: Leftovers\n|-damage|p1a: Corviknight|139/288|[from] Leech Seed|[of] p2a: Venusaur\n|upkeep\n|turn|47\n|\n|t:|1782822281\n|move|p1a: Corviknight|Roost|p1a: Corviknight\n|-heal|p1a: Corviknight|283/288\n|-singleturn|p1a: Corviknight|move: Roost\n|move|p2a: Venusaur|Giga Drain|p1a: Corviknight\n|-resisted|p1a: Corviknight\n|-damage|p1a: Corviknight|241/288\n|\n|-heal|p1a: Corviknight|259/288|[from] item: Leftovers\n|-damage|p1a: Corviknight|223/288|[from] Leech Seed|[of] p2a: Venusaur\n|upkeep\n|turn|48\n|\n|t:|1782822289\n|move|p1a: Corviknight|Brave Bird|p2a: Venusaur\n|-resisted|p2a: Venusaur\n|-end|p2a: Venusaur|Substitute\n|-damage|p1a: Corviknight|220/288|[from] Recoil|[of] p2a: Venusaur\n|move|p2a: Venusaur|Substitute|p2a: Venusaur\n|-start|p2a: Venusaur|Substitute\n|-damage|p2a: Venusaur|204/272\n|\n|-heal|p1a: Corviknight|238/288|[from] item: Leftovers\n|-heal|p2a: Venusaur|221/272|[from] item: Leftovers\n|-damage|p1a: Corviknight|202/288|[from] Leech Seed|[of] p2a: Venusaur\n|-heal|p2a: Venusaur|257/272|[silent]\n|upkeep\n|turn|49\n|inactive|MichaelderBeste2 has 120 seconds left.\n|inactive|MichaelderBeste2 has 90 seconds left.\n|\n|t:|1782822335\n|move|p1a: Corviknight|U-turn|p2a: Venusaur\n|-resisted|p2a: Venusaur\n|-activate|p2a: Venusaur|move: Substitute|[damage]\n|\n|t:|1782822339\n|switch|p1a: Volcanion|Volcanion, L79|137/256|[from] U-turn\n|move|p2a: Venusaur|Giga Drain|p1a: Volcanion\n|-damage|p1a: Volcanion|52/256\n|-heal|p2a: Venusaur|272/272|[from] drain|[of] p1a: Volcanion\n|\n|upkeep\n|turn|50\n|inactive|MichaelderBeste2 has 90 seconds left.\n|\n|t:|1782822354\n|switch|p1a: Corviknight|Corviknight, L80, M|202/288\n|-damage|p1a: Corviknight|166/288|[from] Stealth Rock\n|move|p2a: Venusaur|Giga Drain|p1a: Corviknight\n|-resisted|p1a: Corviknight\n|-damage|p1a: Corviknight|145/288\n|\n|-heal|p1a: Corviknight|163/288|[from] item: Leftovers\n|upkeep\n|turn|51\n|\n|t:|1782822364\n|move|p1a: Corviknight|U-turn|p2a: Venusaur\n|-resisted|p2a: Venusaur\n|-activate|p2a: Venusaur|move: Substitute|[damage]\n|\n|t:|1782822365\n|switch|p1a: Volcanion|Volcanion, L79|52/256|[from] U-turn\n|move|p2a: Venusaur|Leech Seed|p1a: Volcanion\n|-start|p1a: Volcanion|move: Leech Seed\n|\n|-damage|p1a: Volcanion|20/256|[from] Leech Seed|[of] p2a: Venusaur\n|upkeep\n|turn|52\n|inactive|MichaelderBeste2 has 90 seconds left.\n|inactive|MichaelderBeste2 has 60 seconds left.\n|\n|t:|1782822422\n|switch|p1a: Corviknight|Corviknight, L80, M|163/288\n|-damage|p1a: Corviknight|127/288|[from] Stealth Rock\n|move|p2a: Venusaur|Substitute|p2a: Venusaur\n|-fail|p2a: Venusaur|move: Substitute\n|\n|-heal|p1a: Corviknight|145/288|[from] item: Leftovers\n|upkeep\n|turn|53\n|inactive|MichaelderBeste2 has 60 seconds left.\n|\n|t:|1782822427\n|move|p1a: Corviknight|Roost|p1a: Corviknight\n|-heal|p1a: Corviknight|288/288\n|-singleturn|p1a: Corviknight|move: Roost\n|move|p2a: Venusaur|Leech Seed|p1a: Corviknight|[miss]\n|-miss|p2a: Venusaur|p1a: Corviknight\n|\n|upkeep\n|turn|54\n|\n|t:|1782822434\n|move|p1a: Corviknight|Brave Bird|p2a: Venusaur\n|-resisted|p2a: Venusaur\n|-end|p2a: Venusaur|Substitute\n|-damage|p1a: Corviknight|280/288|[from] Recoil|[of] p2a: Venusaur\n|move|p2a: Venusaur|Substitute|p2a: Venusaur\n|-start|p2a: Venusaur|Substitute\n|-damage|p2a: Venusaur|204/272\n|\n|-heal|p1a: Corviknight|288/288|[from] item: Leftovers\n|-heal|p2a: Venusaur|221/272|[from] item: Leftovers\n|upkeep\n|turn|55\n|\n|t:|1782822437\n|move|p1a: Corviknight|Brave Bird|p2a: Venusaur\n|-resisted|p2a: Venusaur\n|-activate|p2a: Venusaur|move: Substitute|[damage]\n|-damage|p1a: Corviknight|271/288|[from] Recoil|[of] p2a: Venusaur\n|move|p2a: Venusaur|Leech Seed|p1a: Corviknight\n|-start|p1a: Corviknight|move: Leech Seed\n|\n|-heal|p1a: Corviknight|288/288|[from] item: Leftovers\n|-heal|p2a: Venusaur|238/272|[from] item: Leftovers\n|-damage|p1a: Corviknight|252/288|[from] Leech Seed|[of] p2a: Venusaur\n|-heal|p2a: Venusaur|272/272|[silent]\n|upkeep\n|turn|56\n|\n|t:|1782822440\n|move|p1a: Corviknight|Brave Bird|p2a: Venusaur\n|-resisted|p2a: Venusaur\n|-end|p2a: Venusaur|Substitute\n|-damage|p1a: Corviknight|246/288|[from] Recoil|[of] p2a: Venusaur\n|move|p2a: Venusaur|Substitute|p2a: Venusaur\n|-start|p2a: Venusaur|Substitute\n|-damage|p2a: Venusaur|204/272\n|\n|-heal|p1a: Corviknight|264/288|[from] item: Leftovers\n|-heal|p2a: Venusaur|221/272|[from] item: Leftovers\n|-damage|p1a: Corviknight|228/288|[from] Leech Seed|[of] p2a: Venusaur\n|-heal|p2a: Venusaur|257/272|[silent]\n|upkeep\n|turn|57\n|\n|t:|1782822444\n|move|p1a: Corviknight|Brave Bird|p2a: Venusaur\n|-resisted|p2a: Venusaur\n|-activate|p2a: Venusaur|move: Substitute|[damage]\n|-damage|p1a: Corviknight|209/288|[from] Recoil|[of] p2a: Venusaur\n|move|p2a: Venusaur|Giga Drain|p1a: Corviknight\n|-resisted|p1a: Corviknight\n|-damage|p1a: Corviknight|188/288\n|-heal|p2a: Venusaur|268/272|[from] drain|[of] p1a: Corviknight\n|\n|-heal|p1a: Corviknight|206/288|[from] item: Leftovers\n|-heal|p2a: Venusaur|272/272|[from] item: Leftovers\n|-damage|p1a: Corviknight|170/288|[from] Leech Seed|[of] p2a: Venusaur\n|upkeep\n|turn|58\n|\n|t:|1782822450\n|move|p1a: Corviknight|Brave Bird|p2a: Venusaur\n|-resisted|p2a: Venusaur\n|-end|p2a: Venusaur|Substitute\n|-damage|p1a: Corviknight|167/288|[from] Recoil|[of] p2a: Venusaur\n|move|p2a: Venusaur|Substitute|p2a: Venusaur\n|-start|p2a: Venusaur|Substitute\n|-damage|p2a: Venusaur|204/272\n|\n|-heal|p1a: Corviknight|185/288|[from] item: Leftovers\n|-heal|p2a: Venusaur|221/272|[from] item: Leftovers\n|-damage|p1a: Corviknight|149/288|[from] Leech Seed|[of] p2a: Venusaur\n|-heal|p2a: Venusaur|257/272|[silent]\n|upkeep\n|turn|59\n|\n|t:|1782822452\n|move|p1a: Corviknight|Brave Bird|p2a: Venusaur\n|-resisted|p2a: Venusaur\n|-activate|p2a: Venusaur|move: Substitute|[damage]\n|-damage|p1a: Corviknight|132/288|[from] Recoil|[of] p2a: Venusaur\n|move|p2a: Venusaur|Giga Drain|p1a: Corviknight\n|-resisted|p1a: Corviknight\n|-damage|p1a: Corviknight|110/288\n|-heal|p2a: Venusaur|268/272|[from] drain|[of] p1a: Corviknight\n|\n|-heal|p1a: Corviknight|128/288|[from] item: Leftovers\n|-heal|p2a: Venusaur|272/272|[from] item: Leftovers\n|-damage|p1a: Corviknight|92/288|[from] Leech Seed|[of] p2a: Venusaur\n|upkeep\n|turn|60\n|\n|t:|1782822455\n|move|p1a: Corviknight|Roost|p1a: Corviknight\n|-heal|p1a: Corviknight|236/288\n|-singleturn|p1a: Corviknight|move: Roost\n|move|p2a: Venusaur|Giga Drain|p1a: Corviknight\n|-resisted|p1a: Corviknight\n|-crit|p1a: Corviknight\n|-damage|p1a: Corviknight|173/288\n|\n|-heal|p1a: Corviknight|191/288|[from] item: Leftovers\n|-damage|p1a: Corviknight|155/288|[from] Leech Seed|[of] p2a: Venusaur\n|upkeep\n|turn|61\n|\n|t:|1782822460\n|move|p1a: Corviknight|Brave Bird|p2a: Venusaur\n|-resisted|p2a: Venusaur\n|-end|p2a: Venusaur|Substitute\n|-damage|p1a: Corviknight|150/288|[from] Recoil|[of] p2a: Venusaur\n|move|p2a: Venusaur|Substitute|p2a: Venusaur\n|-start|p2a: Venusaur|Substitute\n|-damage|p2a: Venusaur|204/272\n|\n|-heal|p1a: Corviknight|168/288|[from] item: Leftovers\n|-heal|p2a: Venusaur|221/272|[from] item: Leftovers\n|-damage|p1a: Corviknight|132/288|[from] Leech Seed|[of] p2a: Venusaur\n|-heal|p2a: Venusaur|257/272|[silent]\n|upkeep\n|turn|62\n|\n|t:|1782822463\n|move|p1a: Corviknight|Roost|p1a: Corviknight\n|-heal|p1a: Corviknight|276/288\n|-singleturn|p1a: Corviknight|move: Roost\n|move|p2a: Venusaur|Giga Drain|p1a: Corviknight\n|-resisted|p1a: Corviknight\n|-damage|p1a: Corviknight|234/288\n|-heal|p2a: Venusaur|272/272|[from] drain|[of] p1a: Corviknight\n|\n|-heal|p1a: Corviknight|252/288|[from] item: Leftovers\n|-damage|p1a: Corviknight|216/288|[from] Leech Seed|[of] p2a: Venusaur\n|upkeep\n|turn|63\n|\n|t:|1782822470\n|move|p1a: Corviknight|Brave Bird|p2a: Venusaur\n|-resisted|p2a: Venusaur\n|-activate|p2a: Venusaur|move: Substitute|[damage]\n|-damage|p1a: Corviknight|199/288|[from] Recoil|[of] p2a: Venusaur\n|move|p2a: Venusaur|Giga Drain|p1a: Corviknight\n|-resisted|p1a: Corviknight\n|-damage|p1a: Corviknight|177/288\n|\n|-heal|p1a: Corviknight|195/288|[from] item: Leftovers\n|-damage|p1a: Corviknight|159/288|[from] Leech Seed|[of] p2a: Venusaur\n|upkeep\n|turn|64\n|\n|t:|1782822474\n|move|p1a: Corviknight|Brave Bird|p2a: Venusaur\n|-resisted|p2a: Venusaur\n|-crit|p2a: Venusaur\n|-end|p2a: Venusaur|Substitute\n|-damage|p1a: Corviknight|153/288|[from] Recoil|[of] p2a: Venusaur\n|move|p2a: Venusaur|Sludge Bomb|p1a: Corviknight\n|-immune|p1a: Corviknight\n|\n|-heal|p1a: Corviknight|171/288|[from] item: Leftovers\n|-damage|p1a: Corviknight|135/288|[from] Leech Seed|[of] p2a: Venusaur\n|upkeep\n|turn|65\n|\n|t:|1782822477\n|move|p1a: Corviknight|Roost|p1a: Corviknight\n|-heal|p1a: Corviknight|279/288\n|-singleturn|p1a: Corviknight|move: Roost\n|move|p2a: Venusaur|Substitute|p2a: Venusaur\n|-start|p2a: Venusaur|Substitute\n|-damage|p2a: Venusaur|204/272\n|\n|-heal|p1a: Corviknight|288/288|[from] item: Leftovers\n|-heal|p2a: Venusaur|221/272|[from] item: Leftovers\n|-damage|p1a: Corviknight|252/288|[from] Leech Seed|[of] p2a: Venusaur\n|-heal|p2a: Venusaur|257/272|[silent]\n|upkeep\n|turn|66\n|\n|t:|1782822482\n|move|p1a: Corviknight|Brave Bird|p2a: Venusaur\n|-resisted|p2a: Venusaur\n|-activate|p2a: Venusaur|move: Substitute|[damage]\n|-damage|p1a: Corviknight|234/288|[from] Recoil|[of] p2a: Venusaur\n|move|p2a: Venusaur|Sludge Bomb|p1a: Corviknight\n|-immune|p1a: Corviknight\n|\n|-heal|p1a: Corviknight|252/288|[from] item: Leftovers\n|-heal|p2a: Venusaur|272/272|[from] item: Leftovers\n|-damage|p1a: Corviknight|216/288|[from] Leech Seed|[of] p2a: Venusaur\n|upkeep\n|turn|67\n|\n|t:|1782822487\n|move|p1a: Corviknight|Brave Bird|p2a: Venusaur\n|-resisted|p2a: Venusaur\n|-crit|p2a: Venusaur\n|-end|p2a: Venusaur|Substitute\n|-damage|p1a: Corviknight|212/288|[from] Recoil|[of] p2a: Venusaur\n|move|p2a: Venusaur|Substitute|p2a: Venusaur\n|-start|p2a: Venusaur|Substitute\n|-damage|p2a: Venusaur|204/272\n|\n|-heal|p1a: Corviknight|230/288|[from] item: Leftovers\n|-heal|p2a: Venusaur|221/272|[from] item: Leftovers\n|-damage|p1a: Corviknight|194/288|[from] Leech Seed|[of] p2a: Venusaur\n|-heal|p2a: Venusaur|257/272|[silent]\n|upkeep\n|turn|68\n|\n|t:|1782822493\n|move|p1a: Corviknight|Brave Bird|p2a: Venusaur\n|-resisted|p2a: Venusaur\n|-activate|p2a: Venusaur|move: Substitute|[damage]\n|-damage|p1a: Corviknight|176/288|[from] Recoil|[of] p2a: Venusaur\n|move|p2a: Venusaur|Giga Drain|p1a: Corviknight\n|-resisted|p1a: Corviknight\n|-damage|p1a: Corviknight|154/288\n|-heal|p2a: Venusaur|268/272|[from] drain|[of] p1a: Corviknight\n|\n|-heal|p1a: Corviknight|172/288|[from] item: Leftovers\n|-heal|p2a: Venusaur|272/272|[from] item: Leftovers\n|-damage|p1a: Corviknight|136/288|[from] Leech Seed|[of] p2a: Venusaur\n|upkeep\n|turn|69\n|\n|t:|1782822496\n|move|p1a: Corviknight|Brave Bird|p2a: Venusaur\n|-resisted|p2a: Venusaur\n|-end|p2a: Venusaur|Substitute\n|-damage|p1a: Corviknight|132/288|[from] Recoil|[of] p2a: Venusaur\n|move|p2a: Venusaur|Giga Drain|p1a: Corviknight\n|-resisted|p1a: Corviknight\n|-crit|p1a: Corviknight\n|-damage|p1a: Corviknight|101/288\n|\n|-heal|p1a: Corviknight|119/288|[from] item: Leftovers\n|-damage|p1a: Corviknight|83/288|[from] Leech Seed|[of] p2a: Venusaur\n|upkeep\n|turn|70\n|\n|t:|1782822500\n|move|p1a: Corviknight|Roost|p1a: Corviknight\n|-heal|p1a: Corviknight|227/288\n|-singleturn|p1a: Corviknight|move: Roost\n|move|p2a: Venusaur|Giga Drain|p1a: Corviknight\n|-resisted|p1a: Corviknight\n|-damage|p1a: Corviknight|186/288\n|\n|-heal|p1a: Corviknight|204/288|[from] item: Leftovers\n|-damage|p1a: Corviknight|168/288|[from] Leech Seed|[of] p2a: Venusaur\n|upkeep\n|turn|71\n|\n|t:|1782822509\n|move|p1a: Corviknight|Brave Bird|p2a: Venusaur\n|-resisted|p2a: Venusaur\n|-damage|p2a: Venusaur|212/272\n|-damage|p1a: Corviknight|148/288|[from] Recoil\n|move|p2a: Venusaur|Substitute|p2a: Venusaur\n|-start|p2a: Venusaur|Substitute\n|-damage|p2a: Venusaur|144/272\n|\n|-heal|p1a: Corviknight|166/288|[from] item: Leftovers\n|-heal|p2a: Venusaur|161/272|[from] item: Leftovers\n|-damage|p1a: Corviknight|130/288|[from] Leech Seed|[of] p2a: Venusaur\n|-heal|p2a: Venusaur|197/272|[silent]\n|upkeep\n|turn|72\n|\n|t:|1782822516\n|move|p1a: Corviknight|Brave Bird|p2a: Venusaur\n|-resisted|p2a: Venusaur\n|-activate|p2a: Venusaur|move: Substitute|[damage]\n|-damage|p1a: Corviknight|111/288|[from] Recoil|[of] p2a: Venusaur\n|move|p2a: Venusaur|Sludge Bomb|p1a: Corviknight\n|-immune|p1a: Corviknight\n|\n|-heal|p1a: Corviknight|129/288|[from] item: Leftovers\n|-heal|p2a: Venusaur|214/272|[from] item: Leftovers\n|-damage|p1a: Corviknight|93/288|[from] Leech Seed|[of] p2a: Venusaur\n|-heal|p2a: Venusaur|250/272|[silent]\n|upkeep\n|turn|73\n|\n|t:|1782822520\n|move|p1a: Corviknight|Roost|p1a: Corviknight\n|-heal|p1a: Corviknight|237/288\n|-singleturn|p1a: Corviknight|move: Roost\n|move|p2a: Venusaur|Giga Drain|p1a: Corviknight\n|-resisted|p1a: Corviknight\n|-damage|p1a: Corviknight|191/288\n|-heal|p2a: Venusaur|272/272|[from] drain|[of] p1a: Corviknight\n|\n|-heal|p1a: Corviknight|209/288|[from] item: Leftovers\n|-damage|p1a: Corviknight|173/288|[from] Leech Seed|[of] p2a: Venusaur\n|upkeep\n|turn|74\n|\n|t:|1782822525\n|move|p1a: Corviknight|Brave Bird|p2a: Venusaur\n|-resisted|p2a: Venusaur\n|-end|p2a: Venusaur|Substitute\n|-damage|p1a: Corviknight|169/288|[from] Recoil|[of] p2a: Venusaur\n|move|p2a: Venusaur|Substitute|p2a: Venusaur\n|-start|p2a: Venusaur|Substitute\n|-damage|p2a: Venusaur|204/272\n|\n|-heal|p1a: Corviknight|187/288|[from] item: Leftovers\n|-heal|p2a: Venusaur|221/272|[from] item: Leftovers\n|-damage|p1a: Corviknight|151/288|[from] Leech Seed|[of] p2a: Venusaur\n|-heal|p2a: Venusaur|257/272|[silent]\n|upkeep\n|turn|75\n|\n|t:|1782822529\n|move|p1a: Corviknight|Brave Bird|p2a: Venusaur\n|-resisted|p2a: Venusaur\n|-activate|p2a: Venusaur|move: Substitute|[damage]\n|-damage|p1a: Corviknight|134/288|[from] Recoil|[of] p2a: Venusaur\n|move|p2a: Venusaur|Sludge Bomb|p1a: Corviknight\n|-immune|p1a: Corviknight\n|\n|-heal|p1a: Corviknight|152/288|[from] item: Leftovers\n|-heal|p2a: Venusaur|272/272|[from] item: Leftovers\n|-damage|p1a: Corviknight|116/288|[from] Leech Seed|[of] p2a: Venusaur\n|upkeep\n|turn|76\n|\n|t:|1782822540\n|move|p1a: Corviknight|Brave Bird|p2a: Venusaur\n|-resisted|p2a: Venusaur\n|-end|p2a: Venusaur|Substitute\n|-damage|p1a: Corviknight|110/288|[from] Recoil|[of] p2a: Venusaur\n|move|p2a: Venusaur|Giga Drain|p1a: Corviknight\n|-resisted|p1a: Corviknight\n|-damage|p1a: Corviknight|90/288\n|\n|-heal|p1a: Corviknight|108/288|[from] item: Leftovers\n|-damage|p1a: Corviknight|72/288|[from] Leech Seed|[of] p2a: Venusaur\n|upkeep\n|turn|77\n|\n|t:|1782822550\n|switch|p1a: Volcanion|Volcanion, L79|20/256\n|move|p2a: Venusaur|Substitute|p2a: Venusaur\n|-start|p2a: Venusaur|Substitute\n|-damage|p2a: Venusaur|204/272\n|\n|-heal|p2a: Venusaur|221/272|[from] item: Leftovers\n|upkeep\n|turn|78\n|\n|t:|1782822560\n|move|p1a: Volcanion|Flamethrower|p2a: Venusaur\n|-supereffective|p2a: Venusaur\n|-end|p2a: Venusaur|Substitute\n|move|p2a: Venusaur|Sludge Bomb|p1a: Volcanion\n|-damage|p1a: Volcanion|0 fnt\n|faint|p1a: Volcanion\n|\n|-heal|p2a: Venusaur|238/272|[from] item: Leftovers\n|upkeep\n|\n|t:|1782822565\n|switch|p1a: Charizard|Charizard, L85, M|13/271\n|turn|79\n|\n|t:|1782822575\n|move|p1a: Charizard|Flare Blitz|p2a: Venusaur\n|-supereffective|p2a: Venusaur\n|-damage|p2a: Venusaur|0 fnt\n|faint|p2a: Venusaur\n|-damage|p1a: Charizard|0 fnt|[from] Recoil\n|faint|p1a: Charizard\n|\n|upkeep\n|\n|t:|1782822578\n|switch|p1a: Corviknight|Corviknight, L80, M|72/288\n|switch|p2a: Scizor|Scizor, L79, F|70/240\n|-damage|p1a: Corviknight|36/288|[from] Stealth Rock\n|-damage|p2a: Scizor|40/240|[from] Spikes\n|-activate|p2a: Scizor|move: Sticky Web\n|-unboost|p2a: Scizor|spe|1\n|turn|80\n|\n|t:|1782822581\n|move|p2a: Scizor|Bullet Punch|p1a: Corviknight\n|-resisted|p1a: Corviknight\n|-crit|p1a: Corviknight\n|-damage|p1a: Corviknight|0 fnt\n|faint|p1a: Corviknight\n|\n|win|MichaelderBeste2\n", "inputlog": ">version f8ac14003a5f27e1bdc8d8c59608a773c1cb96e5\n>start {\"formatid\":\"gen9randombattle\",\"seed\":\"sodium,7eb7f3efa3f1084f44edbfbf17737982\",\"rated\":\"Rated battle\"}\n>player p1 {\"name\":\"SigurdZZ\",\"avatar\":\"misty\",\"rating\":2319,\"seed\":\"sodium,9f9c140d742477af444fc5223ec8737d\"}\n>player p2 {\"name\":\"MichaelderBeste2\",\"avatar\":\"#wcop2026germany\",\"rating\":2463,\"seed\":\"sodium,ab46a835bfde918efe2c724d6e4ec9b9\"}\n>p1 move substitute\n>p2 move uturn\n>p2 switch 3\n>p1 switch 6\n>p2 move leechseed\n>p1 move uturn\n>p2 switch 6\n>p1 switch 5\n>p1 move steameruption\n>p2 switch 2\n>p1 switch 4\n>p2 move shadowball\n>p1 move nastyplot\n>p2 move flipturn\n>p2 switch 3\n>p1 move thunderbolt terastallize\n>p2 move uturn\n>p2 switch 2\n>p1 move hypervoice\n>p2 move headsmash\n>p1 switch 6\n>p1 move gigadrain\n>p2 switch 6\n>p1 move substitute\n>p2 switch 4\n>p1 move thunderbolt\n>p2 switch 4\n>p1 move thunderbolt\n>p2 move sludgebomb\n>p1 switch 5\n>p2 move sludgebomb\n>p1 move uturn\n>p2 move substitute\n>p1 switch 2\n>p1 move spikes\n>p2 move sludgebomb\n>p1 move stickyweb\n>p2 move sludgebomb\n>p1 switch 2\n>p2 move sludgebomb\n>p1 move uturn\n>p2 move gigadrain\n>p1 switch 3\n>p1 switch 2\n>p2 switch 5\n>p1 move knockoff\n>p2 move knockoff\n>p1 switch 5\n>p1 move gigadrain\n>p2 switch 5\n>p1 switch 3\n>p2 move sludgebomb\n>p1 move bravebird\n>p2 switch 4\n>p1 move uturn\n>p2 move stealthrock\n>p1 switch 4\n>p1 move steameruption\n>p2 switch 6\n>p2 switch 3\n>p1 switch 3\n>p2 move shadowball\n>p1 move gigadrain\n>p2 switch 4\n>p1 switch 4\n>p2 move leechseed\n>p1 move uturn\n>p2 switch 6\n>p1 switch 3\n>p1 move steameruption\n>p2 move bravebird\n>p1 switch 2\n>p2 move bravebird\n>p1 move dragondance\n>p2 move bravebird\n>p1 move dragondance\n>p2 move bravebird\n>p2 switch 4\n>p1 move flareblitz\n>p2 move shadowball\n>p2 switch 2\n>p1 switch 4\n>p2 move knockoff\n>p1 switch 2\n>p1 move flamethrower\n>p2 switch 5\n>p1 move earthpower\n>p2 move earthquake\n>p2 switch 6\n>p1 switch 3\n>p2 move gigadrain\n>p1 move bravebird\n>p2 move substitute terastallize\n>p1 move uturn\n>p2 move leechseed\n>p1 switch 3\n>p1 switch 3\n>p2 move substitute\n>p1 move roost\n>p2 move leechseed\n>p1 move bravebird\n>p2 move leechseed\n>p1 switch 3\n>p2 move substitute\n>p1 switch 3\n>p2 move leechseed\n>p1 move bravebird\n>p2 move gigadrain\n>p1 move roost\n>p2 move gigadrain\n>p1 move bravebird\n>p2 move substitute\n>p1 move uturn\n>p2 move gigadrain\n>p1 switch 3\n>p1 switch 3\n>p2 move gigadrain\n>p1 move uturn\n>p2 move leechseed\n>p1 switch 3\n>p1 switch 3\n>p2 move substitute\n>p1 move roost\n>p2 move leechseed\n>p1 move bravebird\n>p2 move substitute\n>p1 move bravebird\n>p2 move leechseed\n>p1 move bravebird\n>p2 move substitute\n>p1 move bravebird\n>p2 move gigadrain\n>p1 move bravebird\n>p2 move substitute\n>p1 move bravebird\n>p2 move gigadrain\n>p1 move roost\n>p2 move gigadrain\n>p1 move bravebird\n>p2 move substitute\n>p1 move roost\n>p2 move gigadrain\n>p1 move bravebird\n>p2 move gigadrain\n>p1 move bravebird\n>p2 move sludgebomb\n>p1 move roost\n>p2 move substitute\n>p1 move bravebird\n>p2 move sludgebomb\n>p1 move bravebird\n>p2 move substitute\n>p1 move bravebird\n>p2 move gigadrain\n>p1 move bravebird\n>p2 move gigadrain\n>p1 move roost\n>p2 move gigadrain\n>p1 move bravebird\n>p2 move substitute\n>p1 move bravebird\n>p2 move sludgebomb\n>p1 move roost\n>p2 move gigadrain\n>p1 move bravebird\n>p2 move substitute\n>p1 move bravebird\n>p2 move sludgebomb\n>p1 move bravebird\n>p2 move gigadrain\n>p1 switch 3\n>p2 move substitute\n>p1 move flamethrower\n>p2 move sludgebomb\n>p1 switch 4\n>p1 move flareblitz\n>p2 move sludgebomb\n>p1 switch 3\n>p2 switch 5\n>p1 move bravebird\n>p2 move bulletpunch", "uploadtime": 1782821639, "views": 3, "formatid": "gen9randombattle", "rating": null, "private": 0, "password": null, "player_dets": [{"name": "SigurdZZ", "avatar": "misty", "rating": 2319, "seed": "sodium,9f9c140d742477af444fc5223ec8737d"}, {"name": "MichaelderBeste2", "avatar": "#wcop2026germany", "rating": 2463, "seed": "sodium,ab46a835bfde918efe2c724d6e4ec9b9"}], "teams_full": [{"Electrode": {"name": "Electrode", "species": "Electrode-Hisui", "speciesId": "electrodehisui", "gender": "N", "shiny": false, "level": 87, "moves": ["leechseed", "gigadrain", "thunderbolt", "substitute"], "ability": "Soundproof", "evs": {"hp": 85, "atk": 0, "def": 85, "spa": 85, "spd": 85, "spe": 85}, "ivs": {"hp": 31, "atk": 0, "def": 31, "spa": 31, "spd": 31, "spe": 31}, "item": "Leftovers", "teraType": "Poison", "role": "Fast Support", "bvs": {"hp": 60, "atk": 50, "def": 70, "spa": 80, "spd": 80, "spe": 150}, "stats": {"hp": 246, "atk": 92, "def": 172, "spa": 189, "spd": 189, "spe": 311}, "types": ["Electric", "Grass"]}, "Spidops": {"name": "Spidops", "species": "Spidops", "speciesId": "spidops", "gender": "F", "shiny": false, "level": 96, "moves": ["stickyweb", "knockoff", "circlethrow", "spikes"], "ability": "Stakeout", "evs": {"hp": 85, "atk": 85, "def": 85, "spa": 85, "spd": 85, "spe": 85}, "ivs": {"hp": 31, "atk": 31, "def": 31, "spa": 31, "spd": 31, "spe": 31}, "item": "Heavy-Duty Boots", "teraType": "Ghost", "role": "Bulky Support", "bvs": {"hp": 60, "atk": 79, "def": 92, "spa": 52, "spd": 86, "spe": 35}, "stats": {"hp": 271, "atk": 206, "def": 231, "spa": 154, "spd": 220, "spe": 122}, "types": ["Bug"]}, "Charizard": {"name": "Charizard", "species": "Charizard", "speciesId": "charizard", "gender": "M", "shiny": false, "level": 85, "moves": ["flareblitz", "dragondance", "outrage", "earthquake"], "ability": "Blaze", "evs": {"hp": 85, "atk": 85, "def": 85, "spa": 85, "spd": 85, "spe": 85}, "ivs": {"hp": 31, "atk": 31, "def": 31, "spa": 31, "spd": 31, "spe": 31}, "item": "Heavy-Duty Boots", "teraType": "Ground", "role": "Setup Sweeper", "bvs": {"hp": 78, "atk": 84, "def": 78, "spa": 109, "spd": 85, "spe": 100}, "stats": {"hp": 271, "atk": 192, "def": 181, "spa": 234, "spd": 193, "spe": 219}, "types": ["Fire", "Flying"]}, "Girafarig": {"name": "Girafarig", "species": "Girafarig", "speciesId": "girafarig", "gender": "M", "shiny": false, "level": 89, "moves": ["thunderbolt", "nastyplot", "psyshock", "hypervoice"], "ability": "Sap Sipper", "evs": {"hp": 85, "atk": 0, "def": 85, "spa": 85, "spd": 85, "spe": 85}, "ivs": {"hp": 31, "atk": 0, "def": 31, "spa": 31, "spd": 31, "spe": 31}, "item": "Eviolite", "teraType": "Normal", "role": "Fast Bulky Setup", "bvs": {"hp": 70, "atk": 80, "def": 65, "spa": 90, "spd": 65, "spe": 85}, "stats": {"hp": 269, "atk": 147, "def": 166, "spa": 211, "spd": 166, "spe": 202}, "types": ["Normal", "Psychic"]}, "Volcanion": {"name": "Volcanion", "species": "Volcanion", "speciesId": "volcanion", "gender": "N", "shiny": false, "level": 79, "moves": ["haze", "flamethrower", "steameruption", "earthpower"], "ability": "Water Absorb", "evs": {"hp": 85, "atk": 0, "def": 85, "spa": 85, "spd": 85, "spe": 85}, "ivs": {"hp": 31, "atk": 0, "def": 31, "spa": 31, "spd": 31, "spe": 31}, "item": "Heavy-Duty Boots", "teraType": "Water", "role": "Bulky Attacker", "bvs": {"hp": 80, "atk": 110, "def": 120, "spa": 130, "spd": 90, "spe": 70}, "stats": {"hp": 256, "atk": 178, "def": 235, "spa": 251, "spd": 188, "spe": 156}, "types": ["Fire", "Water"]}, "Corviknight": {"name": "Corviknight", "species": "Corviknight", "speciesId": "corviknight", "gender": "M", "shiny": false, "level": 80, "moves": ["roost", "uturn", "defog", "bravebird"], "ability": "Mirror Armor", "evs": {"hp": 85, "atk": 85, "def": 85, "spa": 85, "spd": 85, "spe": 85}, "ivs": {"hp": 31, "atk": 31, "def": 31, "spa": 31, "spd": 31, "spe": 31}, "item": "Leftovers", "teraType": "Dragon", "role": "Bulky Support", "bvs": {"hp": 98, "atk": 87, "def": 105, "spa": 53, "spd": 85, "spe": 67}, "stats": {"hp": 288, "atk": 185, "def": 214, "spa": 131, "spd": 182, "spe": 153}, "types": ["Flying", "Steel"]}}, {"Scizor": {"name": "Scizor", "species": "Scizor", "speciesId": "scizor", "gender": "F", "shiny": false, "level": 79, "moves": ["closecombat", "uturn", "knockoff", "bulletpunch"], "ability": "Technician", "evs": {"hp": 85, "atk": 85, "def": 85, "spa": 85, "spd": 85, "spe": 85}, "ivs": {"hp": 31, "atk": 31, "def": 31, "spa": 31, "spd": 31, "spe": 31}, "item": "Choice Band", "teraType": "Steel", "role": "Wallbreaker", "bvs": {"hp": 70, "atk": 130, "def": 100, "spa": 55, "spd": 80, "spe": 65}, "stats": {"hp": 240, "atk": 251, "def": 204, "spa": 132, "spd": 172, "spe": 148}, "types": ["Bug", "Steel"]}, "Basculegion": {"name": "Basculegion", "species": "Basculegion-F", "speciesId": "basculegionf", "gender": "F", "shiny": false, "level": 83, "moves": ["flipturn", "wavecrash", "hydropump", "shadowball"], "ability": "Adaptability", "evs": {"hp": 85, "atk": 85, "def": 85, "spa": 85, "spd": 85, "spe": 85}, "ivs": {"hp": 31, "atk": 31, "def": 31, "spa": 31, "spd": 31, "spe": 31}, "item": "Assault Vest", "teraType": "Water", "role": "AV Pivot", "bvs": {"hp": 120, "atk": 92, "def": 65, "spa": 100, "spd": 75, "spe": 78}, "stats": {"hp": 335, "atk": 200, "def": 156, "spa": 214, "spd": 172, "spe": 177}, "types": ["Water", "Ghost"]}, "Venusaur": {"name": "Venusaur", "species": "Venusaur", "speciesId": "venusaur", "gender": "F", "shiny": false, "level": 84, "moves": ["leechseed", "substitute", "gigadrain", "sludgebomb"], "ability": "Overgrow", "evs": {"hp": 85, "atk": 0, "def": 85, "spa": 85, "spd": 85, "spe": 85}, "ivs": {"hp": 31, "atk": 0, "def": 31, "spa": 31, "spd": 31, "spe": 31}, "item": "Leftovers", "teraType": "Steel", "role": "Bulky Support", "bvs": {"hp": 80, "atk": 82, "def": 83, "spa": 100, "spd": 100, "spe": 80}, "stats": {"hp": 272, "atk": 142, "def": 188, "spa": 216, "spd": 216, "spe": 183}, "types": ["Grass", "Poison"]}, "Skarmory": {"name": "Skarmory", "species": "Skarmory", "speciesId": "skarmory", "gender": "F", "shiny": false, "level": 80, "moves": ["stealthrock", "roost", "bravebird", "bodypress"], "ability": "Sturdy", "evs": {"hp": 85, "atk": 85, "def": 85, "spa": 85, "spd": 85, "spe": 85}, "ivs": {"hp": 31, "atk": 31, "def": 31, "spa": 31, "spd": 31, "spe": 31}, "item": "Leftovers", "teraType": "Fighting", "role": "Bulky Attacker", "bvs": {"hp": 65, "atk": 80, "def": 140, "spa": 40, "spd": 70, "spe": 70}, "stats": {"hp": 235, "atk": 174, "def": 270, "spa": 110, "spd": 158, "spe": 158}, "types": ["Steel", "Flying"]}, "Swampert": {"name": "Swampert", "species": "Swampert", "speciesId": "swampert", "gender": "M", "shiny": false, "level": 83, "moves": ["flipturn", "icebeam", "knockoff", "earthquake"], "ability": "Torrent", "evs": {"hp": 85, "atk": 85, "def": 85, "spa": 85, "spd": 85, "spe": 85}, "ivs": {"hp": 31, "atk": 31, "def": 31, "spa": 31, "spd": 31, "spe": 31}, "item": "Assault Vest", "teraType": "Poison", "role": "Bulky Support", "bvs": {"hp": 100, "atk": 110, "def": 90, "spa": 85, "spd": 90, "spe": 60}, "stats": {"hp": 302, "atk": 230, "def": 197, "spa": 189, "spd": 197, "spe": 147}, "types": ["Water", "Ground"]}, "Sudowoodo": {"name": "Sudowoodo", "species": "Sudowoodo", "speciesId": "sudowoodo", "gender": "F", "shiny": false, "level": 94, "moves": ["woodhammer", "earthquake", "headsmash", "suckerpunch"], "ability": "Rock Head", "evs": {"hp": 85, "atk": 85, "def": 85, "spa": 85, "spd": 85, "spe": 85}, "ivs": {"hp": 31, "atk": 31, "def": 31, "spa": 31, "spd": 31, "spe": 31}, "item": "Choice Band", "teraType": "Rock", "role": "Bulky Attacker", "bvs": {"hp": 70, "atk": 100, "def": 115, "spa": 30, "spd": 65, "spe": 30}, "stats": {"hp": 284, "atk": 241, "def": 270, "spa": 110, "spd": 176, "spe": 110}, "types": ["Rock"]}}]}