{"id": "gen9randombattle-2641718974", "format": "[Gen 9] Random Battle", "players": ["4g3nc domviii", "User751"], "log": "|j|\u26064g3nc domviii\n|j|\u2606User751\n|t:|1782833722\n|gametype|singles\n|player|p1|4g3nc domviii|101|1981\n|player|p2|User751|102|1987\n|gen|9\n|tier|[Gen 9] Random Battle\n|rated|\n|rule|Species Clause: Limit one of each Pok\u00e9mon\n|rule|HP Percentage Mod: HP is shown in percentages\n|rule|Sleep Clause Mod: Limit one foe put to sleep\n|rule|Illusion Level Mod: Illusion disguises the Pok\u00e9mon's true level\n|\n|t:|1782833722\n|teamsize|p1|6\n|teamsize|p2|6\n|start\n|switch|p1a: Grumpig|Grumpig, L92, F|297/297\n|switch|p2a: Clodsire|Clodsire, L81, M|343/343\n|turn|1\n|inactive|Battle timer is ON: inactive players will automatically lose when time's up. (requested by User751)\n|\n|t:|1782833743\n|switch|p2a: Dedenne|Dedenne, L88, M|261/261\n|move|p1a: Grumpig|Psychic|p2a: Dedenne\n|-damage|p2a: Dedenne|132/261\n|\n|upkeep\n|turn|2\n|\n|t:|1782833762\n|switch|p1a: Clodsire|Clodsire, L81, F|343/343\n|move|p2a: Dedenne|Super Fang|p1a: Clodsire\n|-damage|p1a: Clodsire|172/343\n|\n|-heal|p1a: Clodsire|193/343|[from] item: Leftovers\n|upkeep\n|turn|3\n|\n|t:|1782833771\n|move|p2a: Dedenne|U-turn|p1a: Clodsire\n|-resisted|p1a: Clodsire\n|-damage|p1a: Clodsire|165/343\n|\n|t:|1782833778\n|switch|p2a: Toucannon|Toucannon, L88, F|284/284|[from] U-turn\n|move|p1a: Clodsire|Spikes|p2a: Toucannon\n|-sidestart|p2: User751|Spikes\n|\n|-heal|p1a: Clodsire|186/343|[from] item: Leftovers\n|upkeep\n|turn|4\n|\n|t:|1782833807\n|move|p2a: Toucannon|Boomburst|p1a: Clodsire\n|-damage|p1a: Clodsire|50/343\n|move|p1a: Clodsire|Recover|p1a: Clodsire\n|-heal|p1a: Clodsire|222/343\n|\n|-heal|p1a: Clodsire|243/343|[from] item: Leftovers\n|upkeep\n|turn|5\n|\n|t:|1782833815\n|move|p2a: Toucannon|Boomburst|p1a: Clodsire\n|-damage|p1a: Clodsire|122/343\n|move|p1a: Clodsire|Recover|p1a: Clodsire\n|-heal|p1a: Clodsire|294/343\n|\n|-heal|p1a: Clodsire|315/343|[from] item: Leftovers\n|upkeep\n|turn|6\n|\n|t:|1782833826\n|move|p2a: Toucannon|Boomburst|p1a: Clodsire\n|-damage|p1a: Clodsire|194/343\n|move|p1a: Clodsire|Toxic|p2a: Toucannon\n|-status|p2a: Toucannon|tox\n|\n|-heal|p1a: Clodsire|215/343|[from] item: Leftovers\n|-damage|p2a: Toucannon|267/284 tox|[from] psn\n|upkeep\n|turn|7\n|\n|t:|1782833836\n|switch|p2a: Clodsire|Clodsire, L81, M|343/343\n|-damage|p2a: Clodsire|301/343|[from] Spikes\n|move|p1a: Clodsire|Recover|p1a: Clodsire\n|-heal|p1a: Clodsire|343/343\n|\n|-heal|p2a: Clodsire|322/343|[from] item: Leftovers\n|upkeep\n|turn|8\n|\n|t:|1782833850\n|move|p2a: Clodsire|Earthquake|p1a: Clodsire\n|-supereffective|p1a: Clodsire\n|-damage|p1a: Clodsire|127/343\n|move|p1a: Clodsire|Earthquake|p2a: Clodsire\n|-supereffective|p2a: Clodsire\n|-damage|p2a: Clodsire|110/343\n|\n|-heal|p2a: Clodsire|131/343|[from] item: Leftovers\n|-heal|p1a: Clodsire|148/343|[from] item: Leftovers\n|upkeep\n|turn|9\n|\n|t:|1782833859\n|switch|p1a: Grumpig|Grumpig, L92, F|297/297\n|move|p2a: Clodsire|Earthquake|p1a: Grumpig\n|-damage|p1a: Grumpig|206/297\n|\n|-heal|p1a: Grumpig|224/297|[from] item: Leftovers\n|-heal|p2a: Clodsire|152/343|[from] item: Leftovers\n|upkeep\n|turn|10\n|\n|t:|1782833877\n|switch|p2a: Pyroar|Pyroar, L88, F|295/295\n|-ability|p2a: Pyroar|Unnerve\n|move|p1a: Grumpig|Psychic|p2a: Pyroar\n|-damage|p2a: Pyroar|168/295\n|\n|-heal|p1a: Grumpig|242/297|[from] item: Leftovers\n|upkeep\n|turn|11\n|\n|t:|1782833899\n|switch|p1a: Palkia|Palkia, L75|259/259\n|-ability|p1a: Palkia|Pressure\n|move|p2a: Pyroar|Hyper Voice|p1a: Palkia\n|-damage|p1a: Palkia|163/259\n|\n|upkeep\n|turn|12\n|\n|t:|1782833911\n|switch|p2a: Dachsbun|Dachsbun, L92, F|254/254\n|-damage|p2a: Dachsbun|223/254|[from] Spikes\n|move|p1a: Palkia|Hydro Pump|p2a: Dachsbun\n|-damage|p2a: Dachsbun|94/254\n|\n|-heal|p2a: Dachsbun|109/254|[from] item: Leftovers\n|upkeep\n|turn|13\n|\n|t:|1782833921\n|move|p1a: Palkia|Hydro Pump|p2a: Dachsbun|[miss]\n|-miss|p1a: Palkia|p2a: Dachsbun\n|move|p2a: Dachsbun|Wish|p2a: Dachsbun\n|\n|-heal|p2a: Dachsbun|124/254|[from] item: Leftovers\n|upkeep\n|turn|14\n|\n|t:|1782833928\n|switch|p1a: Clodsire|Clodsire, L81, F|148/343\n|move|p2a: Dachsbun|Play Rough|p1a: Clodsire|[miss]\n|-miss|p2a: Dachsbun|p1a: Clodsire\n|\n|-heal|p2a: Dachsbun|251/254|[from] move: Wish|[wisher] Dachsbun\n|-heal|p2a: Dachsbun|254/254|[from] item: Leftovers\n|-heal|p1a: Clodsire|169/343|[from] item: Leftovers\n|upkeep\n|turn|15\n|\n|t:|1782833940\n|switch|p2a: Toucannon|Toucannon, L88, F|267/284 tox\n|move|p1a: Clodsire|Recover|p1a: Clodsire\n|-heal|p1a: Clodsire|341/343\n|\n|-heal|p1a: Clodsire|343/343|[from] item: Leftovers\n|-damage|p2a: Toucannon|250/284 tox|[from] psn\n|upkeep\n|turn|16\n|\n|t:|1782833955\n|-singleturn|p2a: Toucannon|move: Beak Blast\n|move|p1a: Clodsire|Spikes|p2a: Toucannon\n|-sidestart|p2: User751|Spikes\n|move|p2a: Toucannon|Beak Blast|p1a: Clodsire\n|-damage|p1a: Clodsire|156/343\n|\n|-heal|p1a: Clodsire|177/343|[from] item: Leftovers\n|-damage|p2a: Toucannon|216/284 tox|[from] psn\n|upkeep\n|turn|17\n|\n|t:|1782833966\n|move|p2a: Toucannon|Boomburst|p1a: Clodsire\n|-damage|p1a: Clodsire|50/343\n|move|p1a: Clodsire|Recover|p1a: Clodsire\n|-heal|p1a: Clodsire|222/343\n|\n|-heal|p1a: Clodsire|243/343|[from] item: Leftovers\n|-damage|p2a: Toucannon|165/284 tox|[from] psn\n|upkeep\n|turn|18\n|\n|t:|1782833975\n|-singleturn|p2a: Toucannon|move: Beak Blast\n|move|p1a: Clodsire|Recover|p1a: Clodsire\n|-heal|p1a: Clodsire|343/343\n|move|p2a: Toucannon|Beak Blast|p1a: Clodsire\n|-damage|p1a: Clodsire|139/343\n|\n|-heal|p1a: Clodsire|160/343|[from] item: Leftovers\n|-damage|p2a: Toucannon|97/284 tox|[from] psn\n|upkeep\n|turn|19\n|\n|t:|1782833986\n|-singleturn|p2a: Toucannon|move: Beak Blast\n|move|p1a: Clodsire|Recover|p1a: Clodsire\n|-heal|p1a: Clodsire|332/343\n|move|p2a: Toucannon|Beak Blast|p1a: Clodsire\n|-damage|p1a: Clodsire|142/343\n|\n|-heal|p1a: Clodsire|163/343|[from] item: Leftovers\n|-damage|p2a: Toucannon|12/284 tox|[from] psn\n|upkeep\n|turn|20\n|\n|t:|1782833997\n|-singleturn|p2a: Toucannon|move: Beak Blast\n|move|p1a: Clodsire|Recover|p1a: Clodsire\n|-heal|p1a: Clodsire|335/343\n|move|p2a: Toucannon|Beak Blast|p1a: Clodsire\n|-damage|p1a: Clodsire|148/343\n|\n|-heal|p1a: Clodsire|169/343|[from] item: Leftovers\n|-damage|p2a: Toucannon|0 fnt|[from] psn\n|faint|p2a: Toucannon\n|upkeep\n|\n|t:|1782834016\n|switch|p2a: Pyroar|Pyroar, L88, F|168/295\n|-ability|p2a: Pyroar|Unnerve\n|turn|21\n|\n|t:|1782834022\n|move|p2a: Pyroar|Hyper Voice|p1a: Clodsire\n|-damage|p1a: Clodsire|66/343\n|move|p1a: Clodsire|Earthquake|p2a: Pyroar\n|-supereffective|p2a: Pyroar\n|-damage|p2a: Pyroar|0 fnt\n|faint|p2a: Pyroar\n|\n|-heal|p1a: Clodsire|87/343|[from] item: Leftovers\n|upkeep\n|\n|t:|1782834031\n|switch|p2a: Manaphy|Manaphy, L78|284/284\n|-damage|p2a: Manaphy|237/284|[from] Spikes\n|turn|22\n|\n|t:|1782834036\n|move|p2a: Manaphy|Ice Beam|p1a: Clodsire\n|-supereffective|p1a: Clodsire\n|-damage|p1a: Clodsire|0 fnt\n|faint|p1a: Clodsire\n|\n|-heal|p2a: Manaphy|254/284|[from] item: Leftovers\n|upkeep\n|\n|t:|1782834048\n|switch|p1a: Grumpig|Grumpig, L92, F|242/297\n|turn|23\n|\n|t:|1782834053\n|move|p2a: Manaphy|Tail Glow|p2a: Manaphy\n|-boost|p2a: Manaphy|spa|3\n|move|p1a: Grumpig|Nasty Plot|p1a: Grumpig\n|-boost|p1a: Grumpig|spa|2\n|\n|-heal|p2a: Manaphy|271/284|[from] item: Leftovers\n|-heal|p1a: Grumpig|260/297|[from] item: Leftovers\n|upkeep\n|turn|24\n|\n|t:|1782834061\n|move|p2a: Manaphy|Hydro Pump|p1a: Grumpig\n|-damage|p1a: Grumpig|56/297\n|move|p1a: Grumpig|Psychic|p2a: Manaphy\n|-damage|p2a: Manaphy|64/284\n|\n|-heal|p2a: Manaphy|81/284|[from] item: Leftovers\n|-heal|p1a: Grumpig|74/297|[from] item: Leftovers\n|upkeep\n|turn|25\n|\n|t:|1782834070\n|move|p2a: Manaphy|Energy Ball|p1a: Grumpig\n|-crit|p1a: Grumpig\n|-damage|p1a: Grumpig|0 fnt\n|faint|p1a: Grumpig\n|\n|-heal|p2a: Manaphy|98/284|[from] item: Leftovers\n|upkeep\n|\n|t:|1782834073\n|switch|p1a: Palkia|Palkia, L75|163/259\n|-ability|p1a: Palkia|Pressure\n|turn|26\n|\n|t:|1782834081\n|move|p1a: Palkia|Spacial Rend|p2a: Manaphy\n|-damage|p2a: Manaphy|0 fnt\n|faint|p2a: Manaphy\n|\n|upkeep\n|\n|t:|1782834086\n|switch|p2a: Dedenne|Dedenne, L88, M|132/261\n|-damage|p2a: Dedenne|89/261|[from] Spikes\n|-enditem|p2a: Dedenne|Sitrus Berry|[eat]\n|-heal|p2a: Dedenne|154/261|[from] item: Sitrus Berry\n|-heal|p2a: Dedenne|241/261|[from] ability: Cheek Pouch\n|turn|27\n|\n|t:|1782834094\n|switch|p1a: Hitmonchan|Hitmonchan, L87, M|229/229\n|move|p2a: Dedenne|Super Fang|p1a: Hitmonchan\n|-damage|p1a: Hitmonchan|115/229\n|\n|-heal|p1a: Hitmonchan|129/229|[from] item: Leftovers\n|upkeep\n|turn|28\n|\n|t:|1782834102\n|move|p2a: Dedenne|Dazzling Gleam|p1a: Hitmonchan\n|-supereffective|p1a: Hitmonchan\n|-damage|p1a: Hitmonchan|3/229\n|move|p1a: Hitmonchan|Poison Jab|p2a: Dedenne\n|-supereffective|p2a: Dedenne\n|-damage|p2a: Dedenne|61/261\n|\n|-heal|p1a: Hitmonchan|17/229|[from] item: Leftovers\n|upkeep\n|turn|29\n|\n|t:|1782834119\n|switch|p1a: Gouging Fire|Gouging Fire, L74|277/277\n|move|p2a: Dedenne|Thunderbolt|p1a: Gouging Fire\n|-resisted|p1a: Gouging Fire\n|-damage|p1a: Gouging Fire|228/277\n|\n|upkeep\n|turn|30\n|\n|t:|1782834126\n|switch|p2a: Clodsire|Clodsire, L81, M|152/343\n|-damage|p2a: Clodsire|95/343|[from] Spikes\n|move|p1a: Gouging Fire|Dragon Dance|p1a: Gouging Fire\n|-boost|p1a: Gouging Fire|atk|1\n|-boost|p1a: Gouging Fire|spe|1\n|\n|-heal|p2a: Clodsire|116/343|[from] item: Leftovers\n|upkeep\n|turn|31\n|\n|t:|1782834136\n|move|p1a: Gouging Fire|Heat Crash|p2a: Clodsire\n|-damage|p2a: Clodsire|35/343\n|move|p2a: Clodsire|Recover|p2a: Clodsire\n|-heal|p2a: Clodsire|207/343\n|\n|-heal|p2a: Clodsire|228/343|[from] item: Leftovers\n|upkeep\n|turn|32\n|\n|t:|1782834164\n|move|p1a: Gouging Fire|Outrage|p2a: Clodsire\n|-damage|p2a: Clodsire|83/343\n|move|p2a: Clodsire|Gunk Shot|p1a: Gouging Fire\n|-damage|p1a: Gouging Fire|147/277\n|\n|-heal|p2a: Clodsire|104/343|[from] item: Leftovers\n|upkeep\n|turn|33\n|\n|t:|1782834174\n|switch|p2a: Dedenne|Dedenne, L88, M|61/261\n|-damage|p2a: Dedenne|18/261|[from] Spikes\n|move|p1a: Gouging Fire|Outrage|p2a: Dedenne|[from] lockedmove\n|-immune|p2a: Dedenne\n|\n|upkeep\n|turn|34\n|\n|t:|1782834183\n|move|p1a: Gouging Fire|Heat Crash|p2a: Dedenne\n|-damage|p2a: Dedenne|0 fnt\n|faint|p2a: Dedenne\n|\n|upkeep\n|\n|t:|1782834188\n|switch|p2a: Dachsbun|Dachsbun, L92, F|254/254\n|-damage|p2a: Dachsbun|212/254|[from] Spikes\n|turn|35\n|inactive|4g3nc domviii has 120 seconds left.\n|inactive|4g3nc domviii has 90 seconds left.\n|\n|t:|1782834272\n|move|p1a: Gouging Fire|Morning Sun|p1a: Gouging Fire\n|-heal|p1a: Gouging Fire|277/277\n|move|p2a: Dachsbun|Play Rough|p1a: Gouging Fire\n|-damage|p1a: Gouging Fire|186/277\n|\n|-heal|p2a: Dachsbun|227/254|[from] item: Leftovers\n|upkeep\n|turn|36\n|\n|t:|1782834282\n|move|p1a: Gouging Fire|Dragon Dance|p1a: Gouging Fire\n|-boost|p1a: Gouging Fire|atk|1\n|-boost|p1a: Gouging Fire|spe|1\n|move|p2a: Dachsbun|Play Rough|p1a: Gouging Fire\n|-damage|p1a: Gouging Fire|107/277\n|\n|-heal|p2a: Dachsbun|242/254|[from] item: Leftovers\n|upkeep\n|turn|37\n|\n|t:|1782834293\n|move|p1a: Gouging Fire|Morning Sun|p1a: Gouging Fire\n|-heal|p1a: Gouging Fire|245/277\n|move|p2a: Dachsbun|Body Press|p1a: Gouging Fire\n|-damage|p1a: Gouging Fire|176/277\n|\n|-heal|p2a: Dachsbun|254/254|[from] item: Leftovers\n|upkeep\n|turn|38\n|\n|t:|1782834302\n|move|p1a: Gouging Fire|Dragon Dance|p1a: Gouging Fire\n|-boost|p1a: Gouging Fire|atk|1\n|-boost|p1a: Gouging Fire|spe|1\n|move|p2a: Dachsbun|Body Press|p1a: Gouging Fire\n|-damage|p1a: Gouging Fire|103/277\n|\n|upkeep\n|turn|39\n|\n|t:|1782834313\n|move|p1a: Gouging Fire|Morning Sun|p1a: Gouging Fire\n|-heal|p1a: Gouging Fire|241/277\n|move|p2a: Dachsbun|Wish|p2a: Dachsbun\n|\n|upkeep\n|turn|40\n|\n|t:|1782834325\n|move|p1a: Gouging Fire|Outrage|p2a: Dachsbun\n|-immune|p2a: Dachsbun\n|move|p2a: Dachsbun|Body Press|p1a: Gouging Fire\n|-damage|p1a: Gouging Fire|173/277\n|\n|upkeep\n|turn|41\n|\n|t:|1782834332\n|move|p1a: Gouging Fire|Dragon Dance|p1a: Gouging Fire\n|-boost|p1a: Gouging Fire|atk|1\n|-boost|p1a: Gouging Fire|spe|1\n|move|p2a: Dachsbun|Body Press|p1a: Gouging Fire\n|-damage|p1a: Gouging Fire|101/277\n|\n|upkeep\n|turn|42\n|\n|t:|1782834339\n|move|p1a: Gouging Fire|Morning Sun|p1a: Gouging Fire\n|-heal|p1a: Gouging Fire|239/277\n|move|p2a: Dachsbun|Wish|p2a: Dachsbun\n|\n|upkeep\n|turn|43\n|\n|t:|1782834346\n|move|p1a: Gouging Fire|Outrage|p2a: Dachsbun\n|-immune|p2a: Dachsbun\n|move|p2a: Dachsbun|Body Press|p1a: Gouging Fire\n|-crit|p1a: Gouging Fire\n|-damage|p1a: Gouging Fire|134/277\n|\n|upkeep\n|turn|44\n|\n|t:|1782834354\n|move|p1a: Gouging Fire|Morning Sun|p1a: Gouging Fire\n|-heal|p1a: Gouging Fire|272/277\n|move|p2a: Dachsbun|Body Press|p1a: Gouging Fire\n|-damage|p1a: Gouging Fire|210/277\n|\n|upkeep\n|turn|45\n|\n|t:|1782834361\n|move|p1a: Gouging Fire|Outrage|p2a: Dachsbun\n|-immune|p2a: Dachsbun\n|move|p2a: Dachsbun|Body Press|p1a: Gouging Fire\n|-damage|p1a: Gouging Fire|139/277\n|\n|upkeep\n|turn|46\n|\n|t:|1782834369\n|move|p1a: Gouging Fire|Dragon Dance|p1a: Gouging Fire\n|-boost|p1a: Gouging Fire|atk|1\n|-boost|p1a: Gouging Fire|spe|1\n|move|p2a: Dachsbun|Play Rough|p1a: Gouging Fire\n|-damage|p1a: Gouging Fire|54/277\n|\n|upkeep\n|turn|47\n|\n|t:|1782834376\n|move|p1a: Gouging Fire|Morning Sun|p1a: Gouging Fire\n|-heal|p1a: Gouging Fire|192/277\n|move|p2a: Dachsbun|Play Rough|p1a: Gouging Fire\n|-damage|p1a: Gouging Fire|101/277\n|\n|upkeep\n|turn|48\n|\n|t:|1782834384\n|move|p1a: Gouging Fire|Morning Sun|p1a: Gouging Fire\n|-heal|p1a: Gouging Fire|239/277\n|move|p2a: Dachsbun|Body Press|p1a: Gouging Fire\n|-crit|p1a: Gouging Fire\n|-damage|p1a: Gouging Fire|143/277\n|\n|upkeep\n|turn|49\n|\n|t:|1782834391\n|move|p1a: Gouging Fire|Outrage|p2a: Dachsbun\n|-immune|p2a: Dachsbun\n|move|p2a: Dachsbun|Play Rough|p1a: Gouging Fire\n|-damage|p1a: Gouging Fire|56/277\n|\n|upkeep\n|turn|50\n|\n|t:|1782834398\n|move|p1a: Gouging Fire|Morning Sun|p1a: Gouging Fire\n|-heal|p1a: Gouging Fire|194/277\n|move|p2a: Dachsbun|Body Press|p1a: Gouging Fire\n|-damage|p1a: Gouging Fire|129/277\n|\n|upkeep\n|turn|51\n|\n|t:|1782834406\n|move|p1a: Gouging Fire|Dragon Dance|p1a: Gouging Fire\n|-boost|p1a: Gouging Fire|atk|1\n|-boost|p1a: Gouging Fire|spe|1\n|move|p2a: Dachsbun|Play Rough|p1a: Gouging Fire\n|-damage|p1a: Gouging Fire|48/277\n|\n|upkeep\n|turn|52\n|\n|t:|1782834413\n|move|p1a: Gouging Fire|Dragon Dance|p1a: Gouging Fire\n|-boost|p1a: Gouging Fire|atk|0\n|-boost|p1a: Gouging Fire|spe|0\n|move|p2a: Dachsbun|Body Press|p1a: Gouging Fire\n|-damage|p1a: Gouging Fire|0 fnt\n|faint|p1a: Gouging Fire\n|-end|p1a: Gouging Fire|Protosynthesis|[silent]\n|\n|upkeep\n|\n|t:|1782834422\n|switch|p1a: Arceus|Arceus-Ghost, L69|280/280\n|turn|53\n|\n|t:|1782834436\n|move|p2a: Dachsbun|Wish|p2a: Dachsbun\n|move|p1a: Arceus|Judgment|p2a: Dachsbun\n|-damage|p2a: Dachsbun|155/254\n|\n|-heal|p2a: Dachsbun|170/254|[from] item: Leftovers\n|upkeep\n|turn|54\n|\n|t:|1782834444\n|switch|p2a: Clodsire|Clodsire, L81, M|104/343\n|-damage|p2a: Clodsire|47/343|[from] Spikes\n|move|p1a: Arceus|Focus Blast|p2a: Clodsire\n|-resisted|p2a: Clodsire\n|-damage|p2a: Clodsire|13/343\n|\n|-heal|p2a: Clodsire|140/343|[from] move: Wish|[wisher] Dachsbun\n|-heal|p2a: Clodsire|161/343|[from] item: Leftovers\n|upkeep\n|turn|55\n|\n|t:|1782834457\n|move|p1a: Arceus|Will-O-Wisp|p2a: Clodsire|[miss]\n|-miss|p1a: Arceus|p2a: Clodsire\n|move|p2a: Clodsire|Earthquake|p1a: Arceus\n|-damage|p1a: Arceus|199/280\n|\n|-heal|p2a: Clodsire|182/343|[from] item: Leftovers\n|upkeep\n|turn|56\n|\n|t:|1782834466\n|move|p1a: Arceus|Will-O-Wisp|p2a: Clodsire\n|-status|p2a: Clodsire|brn\n|move|p2a: Clodsire|Earthquake|p1a: Arceus\n|-damage|p1a: Arceus|160/280\n|\n|-heal|p2a: Clodsire|203/343 brn|[from] item: Leftovers\n|-damage|p2a: Clodsire|182/343 brn|[from] brn\n|upkeep\n|turn|57\n|\n|t:|1782834475\n|move|p1a: Arceus|Judgment|p2a: Clodsire\n|-damage|p2a: Clodsire|94/343 brn\n|move|p2a: Clodsire|Gunk Shot|p1a: Arceus\n|-resisted|p1a: Arceus\n|-damage|p1a: Arceus|138/280\n|\n|-heal|p2a: Clodsire|115/343 brn|[from] item: Leftovers\n|-damage|p2a: Clodsire|94/343 brn|[from] brn\n|upkeep\n|turn|58\n|\n|t:|1782834485\n|move|p1a: Arceus|Recover|p1a: Arceus\n|-heal|p1a: Arceus|278/280\n|move|p2a: Clodsire|Recover|p2a: Clodsire\n|-heal|p2a: Clodsire|266/343 brn\n|\n|-heal|p2a: Clodsire|287/343 brn|[from] item: Leftovers\n|-damage|p2a: Clodsire|266/343 brn|[from] brn\n|upkeep\n|turn|59\n|\n|t:|1782834494\n|move|p1a: Arceus|Judgment|p2a: Clodsire\n|-damage|p2a: Clodsire|172/343 brn\n|move|p2a: Clodsire|Gunk Shot|p1a: Arceus\n|-resisted|p1a: Arceus\n|-damage|p1a: Arceus|255/280\n|-status|p1a: Arceus|psn\n|\n|-heal|p2a: Clodsire|193/343 brn|[from] item: Leftovers\n|-damage|p1a: Arceus|220/280 psn|[from] psn\n|-damage|p2a: Clodsire|172/343 brn|[from] brn\n|upkeep\n|turn|60\n|\n|t:|1782834506\n|switch|p1a: Hitmonchan|Hitmonchan, L87, M|17/229\n|move|p2a: Clodsire|Recover|p2a: Clodsire\n|-heal|p2a: Clodsire|343/343 brn\n|\n|-heal|p1a: Hitmonchan|31/229|[from] item: Leftovers\n|-damage|p2a: Clodsire|322/343 brn|[from] brn\n|upkeep\n|turn|61\n|inactive|4g3nc domviii has 120 seconds left.\n|\n|t:|1782834565\n|switch|p1a: Arceus|Arceus-Ghost, L69|220/280 psn\n|move|p2a: Clodsire|Earthquake|p1a: Arceus\n|-damage|p1a: Arceus|182/280 psn\n|\n|-heal|p2a: Clodsire|343/343 brn|[from] item: Leftovers\n|-damage|p1a: Arceus|147/280 psn|[from] psn\n|-damage|p2a: Clodsire|322/343 brn|[from] brn\n|upkeep\n|turn|62\n|\n|t:|1782834576\n|move|p1a: Arceus|Judgment|p2a: Clodsire\n|-damage|p2a: Clodsire|225/343 brn\n|move|p2a: Clodsire|Earthquake|p1a: Arceus\n|-damage|p1a: Arceus|108/280 psn\n|\n|-heal|p2a: Clodsire|246/343 brn|[from] item: Leftovers\n|-damage|p1a: Arceus|73/280 psn|[from] psn\n|-damage|p2a: Clodsire|225/343 brn|[from] brn\n|upkeep\n|turn|63\n|\n|t:|1782834586\n|move|p1a: Arceus|Recover|p1a: Arceus\n|-heal|p1a: Arceus|213/280 psn\n|move|p2a: Clodsire|Earthquake|p1a: Arceus\n|-damage|p1a: Arceus|176/280 psn\n|\n|-heal|p2a: Clodsire|246/343 brn|[from] item: Leftovers\n|-damage|p1a: Arceus|141/280 psn|[from] psn\n|-damage|p2a: Clodsire|225/343 brn|[from] brn\n|upkeep\n|turn|64\n|\n|t:|1782834597\n|move|p1a: Arceus|Judgment|p2a: Clodsire\n|-damage|p2a: Clodsire|135/343 brn\n|move|p2a: Clodsire|Stealth Rock|p1a: Arceus\n|-sidestart|p1: 4g3nc domviii|move: Stealth Rock\n|\n|-heal|p2a: Clodsire|156/343 brn|[from] item: Leftovers\n|-damage|p1a: Arceus|106/280 psn|[from] psn\n|-damage|p2a: Clodsire|135/343 brn|[from] brn\n|upkeep\n|turn|65\n|\n|t:|1782834609\n|switch|p1a: Hitmonchan|Hitmonchan, L87, M|31/229\n|-damage|p1a: Hitmonchan|17/229|[from] Stealth Rock\n|move|p2a: Clodsire|Recover|p2a: Clodsire\n|-heal|p2a: Clodsire|307/343 brn\n|\n|-heal|p1a: Hitmonchan|31/229|[from] item: Leftovers\n|-heal|p2a: Clodsire|328/343 brn|[from] item: Leftovers\n|-damage|p2a: Clodsire|307/343 brn|[from] brn\n|upkeep\n|turn|66\n|\n|t:|1782834620\n|move|p1a: Hitmonchan|Knock Off|p2a: Clodsire\n|-damage|p2a: Clodsire|197/343 brn\n|-enditem|p2a: Clodsire|Leftovers|[from] move: Knock Off|[of] p1a: Hitmonchan\n|move|p2a: Clodsire|Earthquake|p1a: Hitmonchan\n|-damage|p1a: Hitmonchan|0 fnt\n|faint|p1a: Hitmonchan\n|\n|-damage|p2a: Clodsire|176/343 brn|[from] brn\n|upkeep\n|\n|t:|1782834625\n|switch|p1a: Arceus|Arceus-Ghost, L69|106/280 psn\n|-damage|p1a: Arceus|71/280 psn|[from] Stealth Rock\n|turn|67\n|\n|t:|1782834633\n|move|p1a: Arceus|Recover|p1a: Arceus\n|-heal|p1a: Arceus|211/280 psn\n|move|p2a: Clodsire|Recover|p2a: Clodsire\n|-heal|p2a: Clodsire|343/343 brn\n|\n|-damage|p1a: Arceus|176/280 psn|[from] psn\n|-damage|p2a: Clodsire|322/343 brn|[from] brn\n|upkeep\n|turn|68\n|\n|t:|1782834643\n|move|p1a: Arceus|Judgment|p2a: Clodsire\n|-damage|p2a: Clodsire|225/343 brn\n|move|p2a: Clodsire|Earthquake|p1a: Arceus\n|-damage|p1a: Arceus|140/280 psn\n|\n|-damage|p1a: Arceus|105/280 psn|[from] psn\n|-damage|p2a: Clodsire|204/343 brn|[from] brn\n|upkeep\n|turn|69\n|\n|t:|1782834654\n|move|p1a: Arceus|Recover|p1a: Arceus\n|-heal|p1a: Arceus|245/280 psn\n|move|p2a: Clodsire|Earthquake|p1a: Arceus\n|-damage|p1a: Arceus|208/280 psn\n|\n|-damage|p1a: Arceus|173/280 psn|[from] psn\n|-damage|p2a: Clodsire|183/343 brn|[from] brn\n|upkeep\n|turn|70\n|\n|t:|1782834663\n|move|p1a: Arceus|Judgment|p2a: Clodsire\n|-damage|p2a: Clodsire|84/343 brn\n|move|p2a: Clodsire|Recover|p2a: Clodsire\n|-heal|p2a: Clodsire|256/343 brn\n|\n|-damage|p1a: Arceus|138/280 psn|[from] psn\n|-damage|p2a: Clodsire|235/343 brn|[from] brn\n|upkeep\n|turn|71\n|\n|t:|1782834673\n|move|p1a: Arceus|Recover|p1a: Arceus\n|-heal|p1a: Arceus|278/280 psn\n|move|p2a: Clodsire|Earthquake|p1a: Arceus\n|-damage|p1a: Arceus|240/280 psn\n|\n|-damage|p1a: Arceus|205/280 psn|[from] psn\n|-damage|p2a: Clodsire|214/343 brn|[from] brn\n|upkeep\n|turn|72\n|\n|t:|1782834683\n|move|p1a: Arceus|Judgment|p2a: Clodsire\n|-damage|p2a: Clodsire|114/343 brn\n|move|p2a: Clodsire|Recover|p2a: Clodsire\n|-heal|p2a: Clodsire|286/343 brn\n|\n|-damage|p1a: Arceus|170/280 psn|[from] psn\n|-damage|p2a: Clodsire|265/343 brn|[from] brn\n|upkeep\n|turn|73\n|\n|t:|1782834695\n|move|p1a: Arceus|Judgment|p2a: Clodsire\n|-damage|p2a: Clodsire|171/343 brn\n|move|p2a: Clodsire|Recover|p2a: Clodsire\n|-heal|p2a: Clodsire|343/343 brn\n|\n|-damage|p1a: Arceus|135/280 psn|[from] psn\n|-damage|p2a: Clodsire|322/343 brn|[from] brn\n|upkeep\n|turn|74\n|\n|t:|1782834708\n|move|p1a: Arceus|Recover|p1a: Arceus\n|-heal|p1a: Arceus|275/280 psn\n|move|p2a: Clodsire|Earthquake|p1a: Arceus\n|-damage|p1a: Arceus|236/280 psn\n|\n|-damage|p1a: Arceus|201/280 psn|[from] psn\n|-damage|p2a: Clodsire|301/343 brn|[from] brn\n|upkeep\n|turn|75\n|\n|t:|1782834718\n|move|p1a: Arceus|Judgment|p2a: Clodsire\n|-damage|p2a: Clodsire|198/343 brn\n|move|p2a: Clodsire|Earthquake|p1a: Arceus\n|-damage|p1a: Arceus|162/280 psn\n|\n|-damage|p1a: Arceus|127/280 psn|[from] psn\n|-damage|p2a: Clodsire|177/343 brn|[from] brn\n|upkeep\n|turn|76\n|\n|t:|1782834728\n|move|p1a: Arceus|Recover|p1a: Arceus\n|-heal|p1a: Arceus|267/280 psn\n|move|p2a: Clodsire|Earthquake|p1a: Arceus\n|-damage|p1a: Arceus|225/280 psn\n|\n|-damage|p1a: Arceus|190/280 psn|[from] psn\n|-damage|p2a: Clodsire|156/343 brn|[from] brn\n|upkeep\n|turn|77\n|\n|t:|1782834737\n|move|p1a: Arceus|Judgment|p2a: Clodsire\n|-damage|p2a: Clodsire|51/343 brn\n|move|p2a: Clodsire|Earthquake|p1a: Arceus\n|-damage|p1a: Arceus|154/280 psn\n|\n|-damage|p1a: Arceus|119/280 psn|[from] psn\n|-damage|p2a: Clodsire|30/343 brn|[from] brn\n|upkeep\n|turn|78\n|\n|t:|1782834746\n|move|p1a: Arceus|Recover|p1a: Arceus\n|-heal|p1a: Arceus|259/280 psn\n|move|p2a: Clodsire|Earthquake|p1a: Arceus\n|-damage|p1a: Arceus|223/280 psn\n|\n|-damage|p1a: Arceus|188/280 psn|[from] psn\n|-damage|p2a: Clodsire|9/343 brn|[from] brn\n|upkeep\n|turn|79\n|inactive|4g3nc domviii has 120 seconds left.\n|\n|t:|1782834798\n|switch|p1a: Palkia|Palkia, L75|163/259\n|-damage|p1a: Palkia|131/259|[from] Stealth Rock\n|-ability|p1a: Palkia|Pressure\n|move|p2a: Clodsire|Gunk Shot|p1a: Palkia\n|-damage|p1a: Palkia|80/259\n|-status|p1a: Palkia|psn\n|\n|-damage|p1a: Palkia|48/259 psn|[from] psn\n|-damage|p2a: Clodsire|0 fnt|[from] brn\n|faint|p2a: Clodsire\n|upkeep\n|\n|t:|1782834811\n|switch|p2a: Dachsbun|Dachsbun, L92, F|170/254\n|-damage|p2a: Dachsbun|128/254|[from] Spikes\n|turn|80\n|\n|t:|1782834818\n|move|p2a: Dachsbun|Protect|p2a: Dachsbun\n|-singleturn|p2a: Dachsbun|Protect\n|move|p1a: Palkia|Hydro Pump|p2a: Dachsbun\n|-activate|p2a: Dachsbun|move: Protect\n|\n|-heal|p2a: Dachsbun|143/254|[from] item: Leftovers\n|-damage|p1a: Palkia|16/259 psn|[from] psn\n|upkeep\n|turn|81\n|\n|t:|1782834828\n|move|p1a: Palkia|Hydro Pump|p2a: Dachsbun\n|-damage|p2a: Dachsbun|8/254\n|move|p2a: Dachsbun|Wish|p2a: Dachsbun\n|\n|-heal|p2a: Dachsbun|23/254|[from] item: Leftovers\n|-damage|p1a: Palkia|0 fnt|[from] psn\n|faint|p1a: Palkia\n|upkeep\n|c|\u26064g3nc domviii|damn\n|\n|t:|1782834832\n|switch|p1a: Arceus|Arceus-Ghost, L69|188/280 psn\n|-damage|p1a: Arceus|153/280 psn|[from] Stealth Rock\n|turn|82\n|c|\u26064g3nc domviii|the poison won it at the end i think\n|inactive|4g3nc domviii has 120 seconds left.\n|\n|t:|1782834848\n|move|p2a: Dachsbun|Protect|p2a: Dachsbun\n|-singleturn|p2a: Dachsbun|Protect\n|move|p1a: Arceus|Judgment|p2a: Dachsbun\n|-activate|p2a: Dachsbun|move: Protect\n|\n|-heal|p2a: Dachsbun|150/254|[from] move: Wish|[wisher] Dachsbun\n|-heal|p2a: Dachsbun|165/254|[from] item: Leftovers\n|-damage|p1a: Arceus|118/280 psn|[from] psn\n|upkeep\n|turn|83\n|-message|4g3nc domviii forfeited.\n|\n|win|User751\n", "inputlog": ">version f8ac14003a5f27e1bdc8d8c59608a773c1cb96e5\n>start {\"formatid\":\"gen9randombattle\",\"seed\":\"sodium,e4c3eeaf2fce2ddead6725b4d4601975\",\"rated\":\"Rated battle\"}\n>player p1 {\"name\":\"4g3nc domviii\",\"avatar\":\"101\",\"rating\":1981,\"seed\":\"sodium,4a16e3d59604892683ca7f905dd96c62\"}\n>player p2 {\"name\":\"User751\",\"avatar\":\"102\",\"rating\":1987,\"seed\":\"sodium,2c9b6cba3d8e269861f933c952cd7174\"}\n>p1 move psychic\n>p2 switch 4\n>p1 switch 2\n>p2 move superfang\n>p1 move spikes\n>p2 move uturn\n>p2 switch 6\n>p1 move recover\n>p2 move boomburst\n>p1 move recover\n>p2 move boomburst\n>p1 move toxic\n>p2 move boomburst\n>p1 move recover\n>p2 switch 4\n>p1 move earthquake\n>p2 move earthquake\n>p1 switch 2\n>p2 move earthquake\n>p1 move psychic\n>p2 switch 2\n>p1 switch 4\n>p2 move hypervoice\n>p1 move hydropump\n>p2 switch 5\n>p1 move hydropump\n>p2 move wish\n>p1 switch 2\n>p2 move playrough\n>p1 move recover\n>p2 switch 4\n>p1 move spikes\n>p2 move beakblast\n>p1 move recover\n>p2 move boomburst\n>p1 move recover\n>p2 move beakblast\n>p1 move recover\n>p2 move beakblast\n>p1 move recover\n>p2 move beakblast\n>p2 switch 5\n>p1 move earthquake\n>p2 move hypervoice\n>p2 switch 3\n>p1 move toxic\n>p2 move icebeam\n>p1 switch 4\n>p1 move nastyplot\n>p2 move tailglow\n>p1 move psychic\n>p2 move hydropump\n>p1 move psychic\n>p2 move energyball\n>p1 switch 2\n>p1 move spacialrend\n>p2 move icebeam\n>p2 switch 6\n>p1 switch 5\n>p2 move superfang\n>p1 move poisonjab\n>p2 move dazzlinggleam\n>p1 switch 3\n>p2 move thunderbolt\n>p1 move dragondance\n>p2 switch 2\n>p1 move heatcrash\n>p2 move recover\n>p1 move outrage\n>p2 move gunkshot\n>p1 move outrage\n>p2 switch 2\n>p1 move heatcrash\n>p2 move dazzlinggleam\n>p2 switch 4\n>p1 move morningsun\n>p2 move playrough\n>p1 move dragondance\n>p2 move playrough\n>p1 move morningsun\n>p2 move bodypress\n>p1 move dragondance\n>p2 move bodypress\n>p1 move morningsun\n>p2 move wish\n>p1 move outrage\n>p2 move bodypress\n>p1 move dragondance\n>p2 move bodypress\n>p1 move morningsun\n>p2 move wish\n>p1 move outrage\n>p2 move bodypress\n>p1 move morningsun\n>p2 move bodypress\n>p1 move outrage\n>p2 move bodypress\n>p1 move dragondance\n>p2 move playrough\n>p1 move morningsun\n>p2 move playrough\n>p1 move morningsun\n>p2 move bodypress\n>p1 move outrage\n>p2 move playrough\n>p1 move morningsun\n>p2 move bodypress\n>p1 move dragondance\n>p2 move playrough\n>p1 move dragondance\n>p2 move bodypress\n>p1 switch 6\n>p1 move judgment\n>p2 move wish\n>p1 move focusblast\n>p2 switch 2\n>p1 move willowisp\n>p2 move earthquake\n>p1 move willowisp\n>p2 move earthquake\n>p1 move judgment\n>p2 move gunkshot\n>p1 move recover\n>p2 move recover\n>p1 move judgment\n>p2 move gunkshot\n>p1 switch 3\n>p2 move recover\n>p1 switch 3\n>p2 move earthquake\n>p1 move judgment\n>p2 move earthquake\n>p1 move recover\n>p2 move earthquake\n>p1 move judgment\n>p2 move stealthrock\n>p1 switch 3\n>p2 move recover\n>p1 move knockoff\n>p2 move earthquake\n>p1 switch 3\n>p1 move recover\n>p2 move recover\n>p1 move judgment\n>p2 move earthquake\n>p1 move recover\n>p2 move earthquake\n>p1 move judgment\n>p2 move recover\n>p1 move recover\n>p2 move earthquake\n>p1 move judgment\n>p2 move recover\n>p1 move judgment\n>p2 move recover\n>p1 move recover\n>p2 move earthquake\n>p1 move judgment\n>p2 move earthquake\n>p1 move recover\n>p2 move earthquake\n>p1 move judgment\n>p2 move earthquake\n>p1 move recover\n>p2 move earthquake\n>p1 switch 5\n>p2 move gunkshot\n>p2 switch 2\n>p1 move hydropump\n>p2 move protect\n>p1 move hydropump\n>p2 move wish\n>chat \u26064g3nc domviii|damn\n>p1 switch 5\n>chat \u26064g3nc domviii|the poison won it at the end i think\n>p1 move judgment\n>p2 move protect\n>forcelose p1", "uploadtime": 1782833725, "views": 6, "formatid": "gen9randombattle", "rating": null, "private": 0, "password": null, "player_dets": [{"name": "4g3nc domviii", "avatar": "101", "rating": 1981, "seed": "sodium,4a16e3d59604892683ca7f905dd96c62"}, {"name": "User751", "avatar": "102", "rating": 1987, "seed": "sodium,2c9b6cba3d8e269861f933c952cd7174"}], "teams_full": [{"Grumpig": {"name": "Grumpig", "species": "Grumpig", "speciesId": "grumpig", "gender": "F", "shiny": false, "level": 92, "moves": ["dazzlinggleam", "psychic", "shadowball", "nastyplot"], "ability": "Thick Fat", "evs": {"hp": 85, "atk": 0, "def": 85, "spa": 85, "spd": 85, "spe": 85}, "ivs": {"hp": 31, "atk": 0, "def": 31, "spa": 31, "spd": 31, "spe": 31}, "item": "Leftovers", "teraType": "Fairy", "role": "Bulky Setup", "bvs": {"hp": 80, "atk": 45, "def": 65, "spa": 90, "spd": 110, "spe": 80}, "stats": {"hp": 297, "atk": 87, "def": 172, "spa": 218, "spd": 255, "spe": 200}, "types": ["Psychic"]}, "Clodsire": {"name": "Clodsire", "species": "Clodsire", "speciesId": "clodsire", "gender": "F", "shiny": false, "level": 81, "moves": ["spikes", "earthquake", "recover", "toxic"], "ability": "Water Absorb", "evs": {"hp": 85, "atk": 85, "def": 85, "spa": 85, "spd": 85, "spe": 85}, "ivs": {"hp": 31, "atk": 31, "def": 31, "spa": 31, "spd": 31, "spe": 31}, "item": "Leftovers", "teraType": "Flying", "role": "Bulky Support", "bvs": {"hp": 130, "atk": 75, "def": 60, "spa": 45, "spd": 100, "spe": 20}, "stats": {"hp": 343, "atk": 168, "def": 144, "spa": 120, "spd": 209, "spe": 79}, "types": ["Poison", "Ground"]}, "Gouging Fire": {"name": "Gouging Fire", "species": "Gouging Fire", "speciesId": "gougingfire", "gender": "N", "shiny": false, "level": 74, "moves": ["morningsun", "outrage", "heatcrash", "dragondance"], "ability": "Protosynthesis", "evs": {"hp": 85, "atk": 85, "def": 85, "spa": 85, "spd": 85, "spe": 85}, "ivs": {"hp": 31, "atk": 31, "def": 31, "spa": 31, "spd": 31, "spe": 31}, "item": "Heavy-Duty Boots", "teraType": "Fairy", "role": "Bulky Setup", "bvs": {"hp": 105, "atk": 115, "def": 121, "spa": 65, "spd": 93, "spe": 91}, "stats": {"hp": 277, "atk": 213, "def": 222, "spa": 139, "spd": 181, "spe": 178}, "types": ["Fire", "Dragon"]}, "Palkia": {"name": "Palkia", "species": "Palkia", "speciesId": "palkia", "gender": "N", "shiny": false, "level": 75, "moves": ["spacialrend", "dracometeor", "fireblast", "hydropump"], "ability": "Pressure", "evs": {"hp": 85, "atk": 0, "def": 85, "spa": 85, "spd": 85, "spe": 85}, "ivs": {"hp": 31, "atk": 0, "def": 31, "spa": 31, "spd": 31, "spe": 31}, "item": "Choice Scarf", "teraType": "Dragon", "role": "Fast Attacker", "bvs": {"hp": 90, "atk": 120, "def": 100, "spa": 150, "spd": 120, "spe": 100}, "stats": {"hp": 259, "atk": 185, "def": 194, "spa": 269, "spd": 224, "spe": 194}, "types": ["Water", "Dragon"]}, "Hitmonchan": {"name": "Hitmonchan", "species": "Hitmonchan", "speciesId": "hitmonchan", "gender": "M", "shiny": false, "level": 87, "moves": ["knockoff", "bulkup", "poisonjab", "drainpunch"], "ability": "Iron Fist", "evs": {"hp": 85, "atk": 85, "def": 85, "spa": 85, "spd": 85, "spe": 85}, "ivs": {"hp": 31, "atk": 31, "def": 31, "spa": 31, "spd": 31, "spe": 31}, "item": "Leftovers", "teraType": "Steel", "role": "Bulky Setup", "bvs": {"hp": 50, "atk": 105, "def": 79, "spa": 35, "spd": 110, "spe": 76}, "stats": {"hp": 229, "atk": 232, "def": 187, "spa": 111, "spd": 241, "spe": 182}, "types": ["Fighting"]}, "Arceus": {"name": "Arceus", "species": "Arceus-Ghost", "speciesId": "arceusghost", "gender": "N", "shiny": false, "level": 69, "moves": ["willowisp", "recover", "judgment", "focusblast"], "ability": "Multitype", "evs": {"hp": 85, "atk": 0, "def": 85, "spa": 85, "spd": 85, "spe": 85}, "ivs": {"hp": 31, "atk": 0, "def": 31, "spa": 31, "spd": 31, "spe": 31}, "item": "Spooky Plate", "teraType": "Dark", "role": "Bulky Attacker", "bvs": {"hp": 120, "atk": 120, "def": 120, "spa": 120, "spd": 120, "spe": 120}, "stats": {"hp": 280, "atk": 170, "def": 206, "spa": 206, "spd": 206, "spe": 206}, "types": ["Ghost"]}}, {"Clodsire": {"name": "Clodsire", "species": "Clodsire", "speciesId": "clodsire", "gender": "M", "shiny": false, "level": 81, "moves": ["gunkshot", "recover", "stealthrock", "earthquake"], "ability": "Unaware", "evs": {"hp": 85, "atk": 85, "def": 85, "spa": 85, "spd": 85, "spe": 85}, "ivs": {"hp": 31, "atk": 31, "def": 31, "spa": 31, "spd": 31, "spe": 31}, "item": "Leftovers", "teraType": "Flying", "role": "Bulky Attacker", "bvs": {"hp": 130, "atk": 75, "def": 60, "spa": 45, "spd": 100, "spe": 20}, "stats": {"hp": 343, "atk": 168, "def": 144, "spa": 120, "spd": 209, "spe": 79}, "types": ["Poison", "Ground"]}, "Pyroar": {"name": "Pyroar", "species": "Pyroar", "speciesId": "pyroar", "gender": "F", "shiny": false, "level": 88, "moves": ["fireblast", "workup", "taunt", "hypervoice"], "ability": "Unnerve", "evs": {"hp": 85, "atk": 0, "def": 85, "spa": 85, "spd": 85, "spe": 85}, "ivs": {"hp": 31, "atk": 0, "def": 31, "spa": 31, "spd": 31, "spe": 31}, "item": "Heavy-Duty Boots", "teraType": "Fire", "role": "Fast Attacker", "bvs": {"hp": 86, "atk": 68, "def": 72, "spa": 109, "spd": 66, "spe": 106}, "stats": {"hp": 295, "atk": 124, "def": 177, "spa": 242, "spd": 166, "spe": 237}, "types": ["Fire", "Normal"]}, "Manaphy": {"name": "Manaphy", "species": "Manaphy", "speciesId": "manaphy", "gender": "N", "shiny": false, "level": 78, "moves": ["icebeam", "hydropump", "energyball", "tailglow"], "ability": "Hydration", "evs": {"hp": 85, "atk": 0, "def": 85, "spa": 85, "spd": 85, "spe": 85}, "ivs": {"hp": 31, "atk": 0, "def": 31, "spa": 31, "spd": 31, "spe": 31}, "item": "Leftovers", "teraType": "Grass", "role": "Bulky Setup", "bvs": {"hp": 100, "atk": 100, "def": 100, "spa": 100, "spd": 100, "spe": 100}, "stats": {"hp": 284, "atk": 161, "def": 201, "spa": 201, "spd": 201, "spe": 201}, "types": ["Water"]}, "Dedenne": {"name": "Dedenne", "species": "Dedenne", "speciesId": "dedenne", "gender": "M", "shiny": false, "level": 88, "moves": ["superfang", "dazzlinggleam", "thunderbolt", "uturn"], "ability": "Cheek Pouch", "evs": {"hp": 85, "atk": 85, "def": 85, "spa": 85, "spd": 85, "spe": 85}, "ivs": {"hp": 31, "atk": 31, "def": 31, "spa": 31, "spd": 31, "spe": 31}, "item": "Sitrus Berry", "teraType": "Flying", "role": "Fast Support", "bvs": {"hp": 67, "atk": 58, "def": 57, "spa": 81, "spd": 67, "spe": 101}, "stats": {"hp": 261, "atk": 152, "def": 151, "spa": 193, "spd": 168, "spe": 228}, "types": ["Electric", "Fairy"]}, "Dachsbun": {"name": "Dachsbun", "species": "Dachsbun", "speciesId": "dachsbun", "gender": "F", "shiny": false, "level": 92, "moves": ["protect", "playrough", "wish", "bodypress"], "ability": "Well-Baked Body", "evs": {"hp": 85, "atk": 85, "def": 85, "spa": 85, "spd": 85, "spe": 85}, "ivs": {"hp": 31, "atk": 31, "def": 31, "spa": 31, "spd": 31, "spe": 31}, "item": "Leftovers", "teraType": "Steel", "role": "Bulky Support", "bvs": {"hp": 57, "atk": 80, "def": 115, "spa": 50, "spd": 80, "spe": 95}, "stats": {"hp": 254, "atk": 200, "def": 264, "spa": 144, "spd": 200, "spe": 227}, "types": ["Fairy"]}, "Toucannon": {"name": "Toucannon", "species": "Toucannon", "speciesId": "toucannon", "gender": "F", "shiny": false, "level": 88, "moves": ["boomburst", "beakblast", "roost", "uturn"], "ability": "Keen Eye", "evs": {"hp": 85, "atk": 85, "def": 85, "spa": 85, "spd": 85, "spe": 85}, "ivs": {"hp": 31, "atk": 31, "def": 31, "spa": 31, "spd": 31, "spe": 31}, "item": "Heavy-Duty Boots", "teraType": "Steel", "role": "Bulky Support", "bvs": {"hp": 80, "atk": 120, "def": 75, "spa": 75, "spd": 75, "spe": 60}, "stats": {"hp": 284, "atk": 261, "def": 182, "spa": 182, "spd": 182, "spe": 156}, "types": ["Normal", "Flying"]}}]}