{"id": "gen9randombattle-2641459930", "format": "[Gen 9] Random Battle", "players": ["pnm123", "fat boy wonder"], "log": "|badge|p1|bronze|gen9randombattle|100-9\n|html|<div class=\"broadcast-red\"><strong>This battle is required to be public due to one or more player having a season medal.</strong><br />During the public phase, you can discuss the state of the ladder <a href=\"/seasondiscussion\">in a special chatroom.</a></div>\n|uhtml|medal-msg|<div class=\"broadcast-blue\">Curious what those medals under the avatar are? PS now has Ladder Seasons! For more information, check out the <a href=\"https://www.smogon.com/forums/threads/3740067/\">thread on Smogon.</a></div>\n|raw|<div class=\"broadcast-blue\"><strong>This battle is required to be public due to a player having a name starting with 'medal'.</div>\n|j|\u203dpnm123\n|j|\u2606fat boy wonder\n|t:|1782788128\n|gametype|singles\n|player|p1|pnm123|fisherman-gen4|2283\n|player|p2|fat boy wonder|169|2146\n|gen|9\n|tier|[Gen 9] Random Battle\n|rated|\n|rule|Species Clause: Limit one of each Pok\u00e9mon\n|rule|HP Percentage Mod: HP is shown in percentages\n|rule|Sleep Clause Mod: Limit one foe put to sleep\n|rule|Illusion Level Mod: Illusion disguises the Pok\u00e9mon's true level\n|\n|t:|1782788128\n|teamsize|p1|6\n|teamsize|p2|6\n|start\n|switch|p1a: Overqwil|Overqwil, L82, M|274/274\n|switch|p2a: Garchomp|Garchomp, L74, M|282/282\n|-ability|p1a: Overqwil|Intimidate|boost\n|-unboost|p2a: Garchomp|atk|1\n|turn|1\n|inactive|Battle timer is ON: inactive players will automatically lose when time's up. (requested by pnm123)\n|\n|t:|1782788144\n|move|p2a: Garchomp|Stealth Rock|p1a: Overqwil\n|-sidestart|p1: pnm123|move: Stealth Rock\n|move|p1a: Overqwil|Scale Shot|p2a: Garchomp\n|-supereffective|p2a: Garchomp\n|-damage|p2a: Garchomp|236/282\n|-supereffective|p2a: Garchomp\n|-damage|p2a: Garchomp|192/282\n|-supereffective|p2a: Garchomp\n|-damage|p2a: Garchomp|150/282\n|-supereffective|p2a: Garchomp\n|-damage|p2a: Garchomp|106/282\n|-hitcount|p2a: Garchomp|4\n|-unboost|p1a: Overqwil|def|1\n|-boost|p1a: Overqwil|spe|1\n|\n|upkeep\n|turn|2\n|\n|t:|1782788151\n|switch|p2a: Toxicroak|Toxicroak, L84, F|277/277\n|move|p1a: Overqwil|Scale Shot|p2a: Toxicroak\n|-damage|p2a: Toxicroak|254/277\n|-damage|p2a: Toxicroak|228/277\n|-damage|p2a: Toxicroak|202/277\n|-damage|p2a: Toxicroak|175/277\n|-hitcount|p2a: Toxicroak|4\n|-unboost|p1a: Overqwil|def|1\n|-boost|p1a: Overqwil|spe|1\n|\n|upkeep\n|turn|3\n|\n|t:|1782788163\n|switch|p1a: Jumpluff|Jumpluff, L87, F|271/271\n|-damage|p1a: Jumpluff|204/271|[from] Stealth Rock\n|move|p2a: Toxicroak|Close Combat|p1a: Jumpluff\n|-resisted|p1a: Jumpluff\n|-damage|p1a: Jumpluff|81/271\n|-unboost|p2a: Toxicroak|def|1\n|-unboost|p2a: Toxicroak|spd|1\n|\n|upkeep\n|turn|4\n|\n|t:|1782788175\n|switch|p2a: Dunsparce|Dunsparce, L86, F|312/312\n|move|p1a: Jumpluff|Substitute|p1a: Jumpluff\n|-start|p1a: Jumpluff|Substitute\n|-damage|p1a: Jumpluff|14/271\n|\n|upkeep\n|turn|5\n|\n|t:|1782788179\n|move|p1a: Jumpluff|Leech Seed|p2a: Dunsparce\n|-start|p2a: Dunsparce|move: Leech Seed\n|move|p2a: Dunsparce|Body Slam|p1a: Jumpluff\n|-end|p1a: Jumpluff|Substitute\n|\n|-damage|p2a: Dunsparce|273/312|[from] Leech Seed|[of] p1a: Jumpluff\n|-heal|p1a: Jumpluff|53/271|[silent]\n|upkeep\n|turn|6\n|\n|t:|1782788182\n|move|p1a: Jumpluff|Strength Sap|p2a: Dunsparce\n|-unboost|p2a: Dunsparce|atk|1\n|-heal|p1a: Jumpluff|223/271\n|move|p2a: Dunsparce|Body Slam|p1a: Jumpluff\n|-damage|p1a: Jumpluff|162/271\n|\n|-damage|p2a: Dunsparce|234/312|[from] Leech Seed|[of] p1a: Jumpluff\n|-heal|p1a: Jumpluff|201/271|[silent]\n|upkeep\n|turn|7\n|\n|t:|1782788187\n|switch|p2a: Avalugg|Avalugg-Hisui, L90, M|317/317\n|move|p1a: Jumpluff|Substitute|p1a: Jumpluff\n|-start|p1a: Jumpluff|Substitute\n|-damage|p1a: Jumpluff|134/271\n|\n|upkeep\n|turn|8\n|\n|t:|1782788193\n|move|p1a: Jumpluff|Strength Sap|p2a: Avalugg\n|-unboost|p2a: Avalugg|atk|1\n|-heal|p1a: Jumpluff|271/271\n|move|p2a: Avalugg|Avalanche|p1a: Jumpluff\n|-supereffective|p1a: Jumpluff\n|-end|p1a: Jumpluff|Substitute\n|\n|upkeep\n|turn|9\n|\n|t:|1782788203\n|switch|p1a: Rotom|Rotom-Wash, L82|216/216\n|-damage|p1a: Rotom|189/216|[from] Stealth Rock\n|move|p2a: Avalugg|Avalanche|p1a: Rotom\n|-resisted|p1a: Rotom\n|-damage|p1a: Rotom|162/216\n|\n|-heal|p1a: Rotom|175/216|[from] item: Leftovers\n|upkeep\n|turn|10\n|\n|t:|1782788212\n|switch|p2a: Toxicroak|Toxicroak, L84, F|175/277\n|move|p1a: Rotom|Hydro Pump|p2a: Toxicroak\n|-heal|p2a: Toxicroak|244/277|[from] ability: Dry Skin|[of] p1a: Rotom\n|\n|-heal|p1a: Rotom|188/216|[from] item: Leftovers\n|upkeep\n|turn|11\n|\n|t:|1782788216\n|move|p2a: Toxicroak|Close Combat|p1a: Rotom\n|-damage|p1a: Rotom|25/216\n|-unboost|p2a: Toxicroak|def|1\n|-unboost|p2a: Toxicroak|spd|1\n|move|p1a: Rotom|Volt Switch|p2a: Toxicroak\n|-damage|p2a: Toxicroak|115/277\n|\n|t:|1782788225\n|switch|p1a: Whimsicott|Whimsicott, L84, F|238/238|[from] Volt Switch\n|\n|upkeep\n|turn|12\n|\n|t:|1782788232\n|switch|p2a: Dunsparce|Dunsparce, L86, F|234/312\n|move|p1a: Whimsicott|Stun Spore|p2a: Dunsparce\n|-status|p2a: Dunsparce|par\n|\n|upkeep\n|turn|13\n|\n|t:|1782788240\n|move|p1a: Whimsicott|U-turn|p2a: Dunsparce\n|-crit|p2a: Dunsparce\n|-damage|p2a: Dunsparce|188/312 par\n|\n|t:|1782788241\n|switch|p1a: Rotom|Rotom-Wash, L82|25/216|[from] U-turn\n|-damage|p1a: Rotom|0 fnt|[from] Stealth Rock\n|faint|p1a: Rotom\n|move|p2a: Dunsparce|Body Slam|p1: Rotom|[notarget]\n|-fail|p2a: Dunsparce\n|\n|upkeep\n|\n|t:|1782788246\n|switch|p1a: Eelektross|Eelektross, L87, F|290/290\n|-damage|p1a: Eelektross|254/290|[from] Stealth Rock\n|turn|14\n|\n|t:|1782788250\n|move|p1a: Eelektross|Knock Off|p2a: Dunsparce\n|-damage|p2a: Dunsparce|125/312 par\n|-enditem|p2a: Dunsparce|Eviolite|[from] move: Knock Off|[of] p1a: Eelektross\n|move|p2a: Dunsparce|Roost|p2a: Dunsparce\n|-heal|p2a: Dunsparce|281/312 par\n|-singleturn|p2a: Dunsparce|move: Roost\n|\n|upkeep\n|turn|15\n|\n|t:|1782788254\n|switch|p2a: Garchomp|Garchomp, L74, M|106/282\n|move|p1a: Eelektross|Dragon Tail|p2a: Garchomp|[miss]\n|-miss|p1a: Eelektross|p2a: Garchomp\n|\n|upkeep\n|turn|16\n|\n|t:|1782788261\n|move|p2a: Garchomp|Outrage|p1a: Eelektross\n|-damage|p1a: Eelektross|119/290\n|move|p1a: Eelektross|Dragon Tail|p2a: Garchomp\n|-supereffective|p2a: Garchomp\n|-damage|p2a: Garchomp|0 fnt\n|-damage|p1a: Eelektross|83/290|[from] ability: Rough Skin|[of] p2a: Garchomp\n|-damage|p1a: Eelektross|35/290|[from] item: Rocky Helmet|[of] p2a: Garchomp\n|faint|p2a: Garchomp\n|\n|upkeep\n|\n|t:|1782788288\n|switch|p2a: Gardevoir|Gardevoir, L83, F|249/249\n|-ability|p2a: Gardevoir|Levitate|Trace|[from] ability: Trace|[of] p1a: Eelektross\n|turn|17\n|\n|t:|1782788297\n|move|p2a: Gardevoir|Moonblast|p1a: Eelektross\n|-damage|p1a: Eelektross|0 fnt\n|faint|p1a: Eelektross\n|\n|upkeep\n|\n|t:|1782788306\n|switch|p1a: Jumpluff|Jumpluff, L87, F|271/271\n|-damage|p1a: Jumpluff|204/271|[from] Stealth Rock\n|turn|18\n|\n|t:|1782788309\n|move|p2a: Gardevoir|Moonblast|p1a: Jumpluff\n|-damage|p1a: Jumpluff|96/271\n|-unboost|p1a: Jumpluff|spa|1\n|move|p1a: Jumpluff|Leech Seed|p2a: Gardevoir|[miss]\n|-miss|p1a: Jumpluff|p2a: Gardevoir\n|\n|upkeep\n|turn|19\n|\n|t:|1782788314\n|-terastallize|p1a: Jumpluff|Steel\n|move|p2a: Gardevoir|Moonblast|p1a: Jumpluff\n|-resisted|p1a: Jumpluff\n|-damage|p1a: Jumpluff|45/271\n|move|p1a: Jumpluff|Strength Sap|p2a: Gardevoir\n|-unboost|p2a: Gardevoir|atk|1\n|-heal|p1a: Jumpluff|157/271\n|\n|upkeep\n|turn|20\n|\n|t:|1782788316\n|move|p2a: Gardevoir|Moonblast|p1a: Jumpluff\n|-resisted|p1a: Jumpluff\n|-damage|p1a: Jumpluff|106/271\n|move|p1a: Jumpluff|Leech Seed|p2a: Gardevoir\n|-start|p2a: Gardevoir|move: Leech Seed\n|\n|-damage|p2a: Gardevoir|218/249|[from] Leech Seed|[of] p1a: Jumpluff\n|-heal|p1a: Jumpluff|137/271|[silent]\n|upkeep\n|turn|21\n|\n|t:|1782788325\n|switch|p2a: Avalugg|Avalugg-Hisui, L90, M|317/317\n|move|p1a: Jumpluff|Leech Seed|p2a: Avalugg\n|-start|p2a: Avalugg|move: Leech Seed\n|\n|-damage|p2a: Avalugg|278/317|[from] Leech Seed|[of] p1a: Jumpluff\n|-heal|p1a: Jumpluff|176/271|[silent]\n|upkeep\n|turn|22\n|\n|t:|1782788330\n|move|p1a: Jumpluff|Substitute|p1a: Jumpluff\n|-start|p1a: Jumpluff|Substitute\n|-damage|p1a: Jumpluff|109/271\n|move|p2a: Avalugg|Body Press|p1a: Jumpluff\n|-supereffective|p1a: Jumpluff\n|-end|p1a: Jumpluff|Substitute\n|\n|-damage|p2a: Avalugg|239/317|[from] Leech Seed|[of] p1a: Jumpluff\n|-heal|p1a: Jumpluff|148/271|[silent]\n|upkeep\n|turn|23\n|\n|t:|1782788333\n|move|p1a: Jumpluff|Substitute|p1a: Jumpluff\n|-start|p1a: Jumpluff|Substitute\n|-damage|p1a: Jumpluff|81/271\n|move|p2a: Avalugg|Body Press|p1a: Jumpluff\n|-supereffective|p1a: Jumpluff\n|-end|p1a: Jumpluff|Substitute\n|\n|-damage|p2a: Avalugg|200/317|[from] Leech Seed|[of] p1a: Jumpluff\n|-heal|p1a: Jumpluff|120/271|[silent]\n|upkeep\n|turn|24\n|\n|t:|1782788340\n|switch|p1a: Whimsicott|Whimsicott, L84, F|238/238\n|move|p2a: Avalugg|Body Press|p1a: Whimsicott\n|-resisted|p1a: Whimsicott\n|-damage|p1a: Whimsicott|186/238\n|\n|-damage|p2a: Avalugg|161/317|[from] Leech Seed|[of] p1a: Whimsicott\n|-heal|p1a: Whimsicott|225/238|[silent]\n|upkeep\n|turn|25\n|\n|t:|1782788348\n|switch|p1a: Jumpluff|Jumpluff, L87, F, tera:Steel|120/271\n|-damage|p1a: Jumpluff|104/271|[from] Stealth Rock\n|switch|p2a: Dunsparce|Dunsparce, L86, F|281/312 par\n|\n|upkeep\n|turn|26\n|\n|t:|1782788352\n|move|p1a: Jumpluff|Strength Sap|p2a: Dunsparce\n|-unboost|p2a: Dunsparce|atk|1\n|-heal|p1a: Jumpluff|271/271\n|cant|p2a: Dunsparce|par\n|\n|upkeep\n|turn|27\n|\n|t:|1782788356\n|move|p1a: Jumpluff|Substitute|p1a: Jumpluff\n|-start|p1a: Jumpluff|Substitute\n|-damage|p1a: Jumpluff|204/271\n|move|p2a: Dunsparce|Body Slam|p1a: Jumpluff\n|-resisted|p1a: Jumpluff\n|-activate|p1a: Jumpluff|move: Substitute|[damage]\n|\n|upkeep\n|turn|28\n|\n|t:|1782788358\n|move|p1a: Jumpluff|Leech Seed|p2a: Dunsparce\n|-start|p2a: Dunsparce|move: Leech Seed\n|move|p2a: Dunsparce|Earthquake|p1a: Jumpluff\n|-supereffective|p1a: Jumpluff\n|-end|p1a: Jumpluff|Substitute\n|\n|-damage|p2a: Dunsparce|242/312 par|[from] Leech Seed|[of] p1a: Jumpluff\n|-heal|p1a: Jumpluff|243/271|[silent]\n|upkeep\n|turn|29\n|\n|t:|1782788363\n|switch|p2a: Avalugg|Avalugg-Hisui, L90, M|161/317\n|move|p1a: Jumpluff|Substitute|p1a: Jumpluff\n|-start|p1a: Jumpluff|Substitute\n|-damage|p1a: Jumpluff|176/271\n|\n|upkeep\n|turn|30\n|\n|t:|1782788365\n|move|p1a: Jumpluff|Leech Seed|p2a: Avalugg\n|-start|p2a: Avalugg|move: Leech Seed\n|move|p2a: Avalugg|Recover|p2a: Avalugg\n|-heal|p2a: Avalugg|317/317\n|\n|-damage|p2a: Avalugg|278/317|[from] Leech Seed|[of] p1a: Jumpluff\n|-heal|p1a: Jumpluff|215/271|[silent]\n|upkeep\n|turn|31\n|\n|t:|1782788371\n|move|p1a: Jumpluff|Acrobatics|p2a: Avalugg\n|-resisted|p2a: Avalugg\n|-damage|p2a: Avalugg|256/317\n|move|p2a: Avalugg|Body Press|p1a: Jumpluff\n|-supereffective|p1a: Jumpluff\n|-end|p1a: Jumpluff|Substitute\n|\n|-damage|p2a: Avalugg|217/317|[from] Leech Seed|[of] p1a: Jumpluff\n|-heal|p1a: Jumpluff|254/271|[silent]\n|upkeep\n|turn|32\n|\n|t:|1782788378\n|move|p1a: Jumpluff|Acrobatics|p2a: Avalugg\n|-resisted|p2a: Avalugg\n|-damage|p2a: Avalugg|198/317\n|move|p2a: Avalugg|Recover|p2a: Avalugg\n|-heal|p2a: Avalugg|317/317\n|\n|-damage|p2a: Avalugg|278/317|[from] Leech Seed|[of] p1a: Jumpluff\n|-heal|p1a: Jumpluff|271/271|[silent]\n|upkeep\n|turn|33\n|\n|t:|1782788380\n|move|p1a: Jumpluff|Substitute|p1a: Jumpluff\n|-start|p1a: Jumpluff|Substitute\n|-damage|p1a: Jumpluff|204/271\n|move|p2a: Avalugg|Body Press|p1a: Jumpluff\n|-supereffective|p1a: Jumpluff\n|-end|p1a: Jumpluff|Substitute\n|\n|-damage|p2a: Avalugg|239/317|[from] Leech Seed|[of] p1a: Jumpluff\n|-heal|p1a: Jumpluff|243/271|[silent]\n|upkeep\n|turn|34\n|\n|t:|1782788385\n|switch|p1a: Whimsicott|Whimsicott, L84, F|225/238\n|move|p2a: Avalugg|Body Press|p1a: Whimsicott\n|-resisted|p1a: Whimsicott\n|-damage|p1a: Whimsicott|170/238\n|\n|-damage|p2a: Avalugg|200/317|[from] Leech Seed|[of] p1a: Whimsicott\n|-heal|p1a: Whimsicott|209/238|[silent]\n|upkeep\n|turn|35\n|\n|t:|1782788390\n|switch|p2a: Dunsparce|Dunsparce, L86, F|242/312 par\n|move|p1a: Whimsicott|Giga Drain|p2a: Dunsparce\n|-damage|p2a: Dunsparce|160/312 par\n|-heal|p1a: Whimsicott|238/238|[from] drain|[of] p2a: Dunsparce\n|\n|upkeep\n|turn|36\n|\n|t:|1782788393\n|move|p1a: Whimsicott|Moonblast|p2a: Dunsparce\n|-damage|p2a: Dunsparce|66/312 par\n|move|p2a: Dunsparce|Roost|p2a: Dunsparce\n|-heal|p2a: Dunsparce|222/312 par\n|-singleturn|p2a: Dunsparce|move: Roost\n|\n|upkeep\n|turn|37\n|\n|t:|1782788397\n|move|p1a: Whimsicott|Moonblast|p2a: Dunsparce\n|-damage|p2a: Dunsparce|122/312 par\n|move|p2a: Dunsparce|Body Slam|p1a: Whimsicott\n|-crit|p1a: Whimsicott\n|-damage|p1a: Whimsicott|123/238\n|-status|p1a: Whimsicott|par\n|\n|upkeep\n|turn|38\n|\n|t:|1782788401\n|move|p1a: Whimsicott|Giga Drain|p2a: Dunsparce\n|-damage|p2a: Dunsparce|40/312 par\n|-heal|p1a: Whimsicott|164/238 par|[from] drain|[of] p2a: Dunsparce\n|move|p2a: Dunsparce|Roost|p2a: Dunsparce\n|-heal|p2a: Dunsparce|196/312 par\n|-singleturn|p2a: Dunsparce|move: Roost\n|\n|upkeep\n|turn|39\n|j| tyrantkingdad\n|\n|t:|1782788405\n|switch|p2a: Toxicroak|Toxicroak, L84, F|115/277\n|move|p1a: Whimsicott|Giga Drain|p2a: Toxicroak\n|-resisted|p2a: Toxicroak\n|-damage|p2a: Toxicroak|70/277\n|-heal|p1a: Whimsicott|187/238 par|[from] drain|[of] p2a: Toxicroak\n|\n|upkeep\n|turn|40\n|\n|t:|1782788411\n|move|p1a: Whimsicott|Stun Spore|p2a: Toxicroak\n|-status|p2a: Toxicroak|par\n|move|p2a: Toxicroak|Gunk Shot|p1a: Whimsicott\n|-supereffective|p1a: Whimsicott\n|-damage|p1a: Whimsicott|0 fnt\n|faint|p1a: Whimsicott\n|\n|upkeep\n|\n|t:|1782788421\n|switch|p1a: Jumpluff|Jumpluff, L87, F, tera:Steel|243/271\n|-damage|p1a: Jumpluff|227/271|[from] Stealth Rock\n|turn|41\n|\n|t:|1782788428\n|switch|p2a: Avalugg|Avalugg-Hisui, L90, M|200/317\n|move|p1a: Jumpluff|Leech Seed|p2a: Avalugg\n|-start|p2a: Avalugg|move: Leech Seed\n|\n|-damage|p2a: Avalugg|161/317|[from] Leech Seed|[of] p1a: Jumpluff\n|-heal|p1a: Jumpluff|266/271|[silent]\n|upkeep\n|turn|42\n|\n|t:|1782788432\n|switch|p1a: Zacian|Zacian, L69|241/241\n|-damage|p1a: Zacian|211/241|[from] Stealth Rock\n|-ability|p1a: Zacian|Intrepid Sword|boost\n|-boost|p1a: Zacian|atk|1\n|move|p2a: Avalugg|Recover|p2a: Avalugg\n|-heal|p2a: Avalugg|317/317\n|\n|-damage|p2a: Avalugg|278/317|[from] Leech Seed|[of] p1a: Zacian\n|-heal|p1a: Zacian|241/241|[silent]\n|upkeep\n|turn|43\n|\n|t:|1782788437\n|switch|p2a: Toxicroak|Toxicroak, L84, F|70/277 par\n|move|p1a: Zacian|Play Rough|p2a: Toxicroak\n|-damage|p2a: Toxicroak|0 fnt\n|faint|p2a: Toxicroak\n|\n|upkeep\n|\n|t:|1782788461\n|switch|p2a: Dunsparce|Dunsparce, L86, F|196/312 par\n|turn|44\n|\n|t:|1782788465\n|move|p1a: Zacian|Play Rough|p2a: Dunsparce\n|-damage|p2a: Dunsparce|0 fnt\n|faint|p2a: Dunsparce\n|\n|upkeep\n|\n|t:|1782788469\n|switch|p2a: Avalugg|Avalugg-Hisui, L90, M|278/317\n|turn|45\n|\n|t:|1782788475\n|move|p1a: Zacian|Play Rough|p2a: Avalugg\n|-damage|p2a: Avalugg|184/317\n|move|p2a: Avalugg|Body Press|p1a: Zacian\n|-resisted|p1a: Zacian\n|-crit|p1a: Zacian\n|-damage|p1a: Zacian|157/241\n|\n|upkeep\n|turn|46\n|\n|t:|1782788480\n|switch|p1a: Jumpluff|Jumpluff, L87, F, tera:Steel|266/271\n|-damage|p1a: Jumpluff|250/271|[from] Stealth Rock\n|move|p2a: Avalugg|Recover|p2a: Avalugg\n|-heal|p2a: Avalugg|317/317\n|\n|upkeep\n|turn|47\n|\n|t:|1782788482\n|move|p1a: Jumpluff|Leech Seed|p2a: Avalugg\n|-start|p2a: Avalugg|move: Leech Seed\n|move|p2a: Avalugg|Body Press|p1a: Jumpluff\n|-supereffective|p1a: Jumpluff\n|-damage|p1a: Jumpluff|0 fnt\n|faint|p1a: Jumpluff\n|\n|upkeep\n|\n|t:|1782788485\n|switch|p1a: Overqwil|Overqwil, L82, M|274/274\n|-damage|p1a: Overqwil|240/274|[from] Stealth Rock\n|-ability|p1a: Overqwil|Intimidate|boost\n|-unboost|p2a: Avalugg|atk|1\n|turn|48\n|\n|t:|1782788493\n|switch|p2a: Gardevoir|Gardevoir, L83, F|218/249\n|-ability|p2a: Gardevoir|Intimidate|Trace|[from] ability: Trace|[of] p1a: Overqwil\n|-ability|p2a: Gardevoir|Intimidate|boost\n|-unboost|p1a: Overqwil|atk|1\n|move|p1a: Overqwil|Swords Dance|p1a: Overqwil\n|-boost|p1a: Overqwil|atk|2\n|\n|upkeep\n|turn|49\n|\n|t:|1782788504\n|move|p2a: Gardevoir|Moonblast|p1a: Overqwil\n|-damage|p1a: Overqwil|78/274\n|move|p1a: Overqwil|Gunk Shot|p2a: Gardevoir|[miss]\n|-miss|p1a: Overqwil|p2a: Gardevoir\n|\n|upkeep\n|turn|50\n|-message|pnm123 forfeited.\n|\n|win|fat boy wonder\n", "inputlog": ">version f8ac14003a5f27e1bdc8d8c59608a773c1cb96e5\n>start {\"formatid\":\"gen9randombattle\",\"seed\":\"sodium,b041fe69f44ac1c2ecedc4537e5112c1\",\"rated\":\"Rated battle\"}\n>player p1 {\"name\":\"pnm123\",\"avatar\":\"fisherman-gen4\",\"rating\":2283,\"seed\":\"sodium,2ccc051b0675f2f3eb881ae72a60a315\"}\n>player p2 {\"name\":\"fat boy wonder\",\"avatar\":\"169\",\"rating\":2146,\"seed\":\"sodium,57db5c3c548d72ad6cbf2ca00783e56e\"}\n>p1 move scaleshot\n>p2 move stealthrock\n>p1 move scaleshot\n>p2 switch 2\n>p1 switch 6\n>p2 move closecombat\n>p1 move substitute\n>p2 switch 6\n>p1 move leechseed\n>p2 move bodyslam\n>p1 move strengthsap\n>p2 move bodyslam\n>p1 move substitute\n>p2 switch 5\n>p1 move strengthsap\n>p2 move avalanche\n>p1 switch 2\n>p2 move avalanche\n>p1 move hydropump\n>p2 switch 6\n>p1 move voltswitch\n>p2 move closecombat\n>p1 switch 3\n>p1 move stunspore\n>p2 switch 5\n>p1 move uturn\n>p2 move bodyslam\n>p1 switch 3\n>p1 switch 5\n>p1 move knockoff\n>p2 move roost\n>p1 move dragontail\n>p2 switch 2\n>p1 move dragontail\n>p2 move outrage\n>p2 switch 4\n>p1 move discharge\n>p2 move moonblast\n>p1 switch 2\n>p1 move leechseed\n>p2 move moonblast\n>p1 move strengthsap terastallize\n>p2 move moonblast\n>p1 move leechseed\n>p2 move moonblast\n>p1 move leechseed\n>p2 switch 6\n>p1 move substitute\n>p2 move bodypress\n>p1 move substitute\n>p2 move bodypress\n>p1 switch 3\n>p2 move bodypress\n>p1 switch 3\n>p2 switch 2\n>p1 move strengthsap\n>p2 move earthquake\n>p1 move substitute\n>p2 move bodyslam\n>p1 move leechseed\n>p2 move earthquake\n>p1 move substitute\n>p2 switch 2\n>p1 move leechseed\n>p2 move recover\n>p1 move acrobatics\n>p2 move bodypress\n>p1 move acrobatics\n>p2 move recover\n>p1 move substitute\n>p2 move bodypress\n>p1 switch 3\n>p2 move bodypress\n>p1 move gigadrain\n>p2 switch 2\n>p1 move moonblast\n>p2 move roost\n>p1 move moonblast\n>p2 move bodyslam\n>p1 move gigadrain\n>p2 move roost\n>p1 move gigadrain\n>p2 switch 5\n>p1 move stunspore\n>p2 move gunkshot\n>p1 switch 3\n>p1 move leechseed\n>p2 switch 2\n>p1 switch 4\n>p2 move recover\n>p1 move playrough\n>p2 switch 2\n>p2 switch 5\n>p1 move playrough\n>p2 move bodyslam\n>p2 switch 2\n>p1 move playrough\n>p2 move bodypress\n>p1 switch 4\n>p2 move recover\n>p1 move leechseed\n>p2 move bodypress\n>p1 switch 6\n>p1 move swordsdance\n>p2 switch 6\n>p1 move gunkshot\n>p2 move moonblast\n>forcelose p1", "uploadtime": 1782788129, "views": 4, "formatid": "gen9randombattle", "rating": null, "private": 0, "password": null, "player_dets": [{"name": "pnm123", "avatar": "fisherman-gen4", "rating": 2283, "seed": "sodium,2ccc051b0675f2f3eb881ae72a60a315"}, {"name": "fat boy wonder", "avatar": "169", "rating": 2146, "seed": "sodium,57db5c3c548d72ad6cbf2ca00783e56e"}], "teams_full": [{"Overqwil": {"name": "Overqwil", "species": "Overqwil", "speciesId": "overqwil", "gender": "M", "shiny": false, "level": 82, "moves": ["swordsdance", "gunkshot", "crunch", "scaleshot"], "ability": "Intimidate", "evs": {"hp": 85, "atk": 85, "def": 85, "spa": 85, "spd": 85, "spe": 85}, "ivs": {"hp": 31, "atk": 31, "def": 31, "spa": 31, "spd": 31, "spe": 31}, "item": "Loaded Dice", "teraType": "Dragon", "role": "Setup Sweeper", "bvs": {"hp": 85, "atk": 115, "def": 95, "spa": 65, "spd": 65, "spe": 85}, "stats": {"hp": 274, "atk": 236, "def": 203, "spa": 154, "spd": 154, "spe": 187}, "types": ["Dark", "Poison"]}, "Rotom": {"name": "Rotom", "species": "Rotom-Wash", "speciesId": "rotomwash", "gender": "N", "shiny": false, "level": 82, "moves": ["painsplit", "hydropump", "discharge", "voltswitch"], "ability": "Levitate", "evs": {"hp": 85, "atk": 0, "def": 85, "spa": 85, "spd": 85, "spe": 85}, "ivs": {"hp": 31, "atk": 0, "def": 31, "spa": 31, "spd": 31, "spe": 31}, "item": "Leftovers", "teraType": "Steel", "role": "Bulky Support", "bvs": {"hp": 50, "atk": 65, "def": 107, "spa": 105, "spd": 107, "spe": 86}, "stats": {"hp": 216, "atk": 111, "def": 223, "spa": 219, "spd": 223, "spe": 188}, "types": ["Electric", "Water"]}, "Whimsicott": {"name": "Whimsicott", "species": "Whimsicott", "speciesId": "whimsicott", "gender": "F", "shiny": false, "level": 84, "moves": ["uturn", "stunspore", "gigadrain", "moonblast"], "ability": "Prankster", "evs": {"hp": 85, "atk": 85, "def": 85, "spa": 85, "spd": 85, "spe": 85}, "ivs": {"hp": 31, "atk": 31, "def": 31, "spa": 31, "spd": 31, "spe": 31}, "item": "Heavy-Duty Boots", "teraType": "Poison", "role": "Fast Support", "bvs": {"hp": 60, "atk": 67, "def": 85, "spa": 77, "spd": 75, "spe": 116}, "stats": {"hp": 238, "atk": 161, "def": 191, "spa": 178, "spd": 174, "spe": 243}, "types": ["Grass", "Fairy"]}, "Zacian": {"name": "Zacian", "species": "Zacian", "speciesId": "zacian", "gender": "N", "shiny": false, "level": 69, "moves": ["psychicfangs", "crunch", "playrough", "closecombat"], "ability": "Intrepid Sword", "evs": {"hp": 85, "atk": 85, "def": 85, "spa": 85, "spd": 85, "spe": 85}, "ivs": {"hp": 31, "atk": 31, "def": 31, "spa": 31, "spd": 31, "spe": 31}, "item": "Choice Band", "teraType": "Fighting", "role": "Fast Attacker", "bvs": {"hp": 92, "atk": 120, "def": 115, "spa": 80, "spd": 115, "spe": 138}, "stats": {"hp": 241, "atk": 206, "def": 199, "spa": 151, "spd": 199, "spe": 231}, "types": ["Fairy"]}, "Eelektross": {"name": "Eelektross", "species": "Eelektross", "speciesId": "eelektross", "gender": "F", "shiny": false, "level": 87, "moves": ["discharge", "uturn", "dragontail", "knockoff"], "ability": "Levitate", "evs": {"hp": 85, "atk": 85, "def": 85, "spa": 85, "spd": 85, "spe": 85}, "ivs": {"hp": 31, "atk": 31, "def": 31, "spa": 31, "spd": 31, "spe": 31}, "item": "Assault Vest", "teraType": "Poison", "role": "AV Pivot", "bvs": {"hp": 85, "atk": 115, "def": 80, "spa": 105, "spd": 80, "spe": 50}, "stats": {"hp": 290, "atk": 250, "def": 189, "spa": 232, "spd": 189, "spe": 137}, "types": ["Electric"]}, "Jumpluff": {"name": "Jumpluff", "species": "Jumpluff", "speciesId": "jumpluff", "gender": "F", "shiny": false, "level": 87, "moves": ["strengthsap", "substitute", "acrobatics", "leechseed"], "ability": "Infiltrator", "evs": {"hp": 81, "atk": 85, "def": 85, "spa": 85, "spd": 85, "spe": 85}, "ivs": {"hp": 31, "atk": 31, "def": 31, "spa": 31, "spd": 31, "spe": 31}, "item": "", "teraType": "Steel", "role": "Bulky Support", "bvs": {"hp": 75, "atk": 55, "def": 70, "spa": 55, "spd": 95, "spe": 110}, "stats": {"hp": 271, "atk": 145, "def": 172, "spa": 145, "spd": 215, "spe": 241}, "types": ["Grass", "Flying"]}}, {"Garchomp": {"name": "Garchomp", "species": "Garchomp", "speciesId": "garchomp", "gender": "M", "shiny": false, "level": 74, "moves": ["stealthrock", "earthquake", "outrage", "dragontail"], "ability": "Rough Skin", "evs": {"hp": 85, "atk": 85, "def": 85, "spa": 85, "spd": 85, "spe": 85}, "ivs": {"hp": 31, "atk": 31, "def": 31, "spa": 31, "spd": 31, "spe": 31}, "item": "Rocky Helmet", "teraType": "Steel", "role": "Fast Support", "bvs": {"hp": 108, "atk": 130, "def": 95, "spa": 80, "spd": 85, "spe": 102}, "stats": {"hp": 282, "atk": 235, "def": 184, "spa": 161, "spd": 169, "spe": 194}, "types": ["Dragon", "Ground"]}, "Toxicroak": {"name": "Toxicroak", "species": "Toxicroak", "speciesId": "toxicroak", "gender": "F", "shiny": false, "level": 84, "moves": ["gunkshot", "earthquake", "knockoff", "closecombat"], "ability": "Dry Skin", "evs": {"hp": 85, "atk": 85, "def": 85, "spa": 85, "spd": 85, "spe": 85}, "ivs": {"hp": 31, "atk": 31, "def": 31, "spa": 31, "spd": 31, "spe": 31}, "item": "Choice Band", "teraType": "Dark", "role": "Fast Attacker", "bvs": {"hp": 83, "atk": 106, "def": 65, "spa": 86, "spd": 65, "spe": 85}, "stats": {"hp": 277, "atk": 226, "def": 157, "spa": 193, "spd": 157, "spe": 191}, "types": ["Poison", "Fighting"]}, "Mewtwo": {"name": "Mewtwo", "species": "Mewtwo", "speciesId": "mewtwo", "gender": "N", "shiny": false, "level": 72, "moves": ["psystrike", "nastyplot", "fireblast", "darkpulse"], "ability": "Pressure", "evs": {"hp": 85, "atk": 0, "def": 85, "spa": 85, "spd": 85, "spe": 85}, "ivs": {"hp": 31, "atk": 0, "def": 31, "spa": 31, "spd": 31, "spe": 31}, "item": "Life Orb", "teraType": "Psychic", "role": "Setup Sweeper", "bvs": {"hp": 106, "atk": 110, "def": 90, "spa": 154, "spd": 90, "spe": 130}, "stats": {"hp": 272, "atk": 163, "def": 172, "spa": 264, "spd": 172, "spe": 229}, "types": ["Psychic"]}, "Gardevoir": {"name": "Gardevoir", "species": "Gardevoir", "speciesId": "gardevoir", "gender": "F", "shiny": false, "level": 83, "moves": ["mysticalfire", "moonblast", "healingwish", "psyshock"], "ability": "Trace", "evs": {"hp": 85, "atk": 0, "def": 85, "spa": 85, "spd": 85, "spe": 85}, "ivs": {"hp": 31, "atk": 0, "def": 31, "spa": 31, "spd": 31, "spe": 31}, "item": "Choice Scarf", "teraType": "Fire", "role": "Fast Attacker", "bvs": {"hp": 68, "atk": 65, "def": 65, "spa": 125, "spd": 115, "spe": 80}, "stats": {"hp": 249, "atk": 112, "def": 156, "spa": 255, "spd": 239, "spe": 180}, "types": ["Psychic", "Fairy"]}, "Avalugg": {"name": "Avalugg", "species": "Avalugg-Hisui", "speciesId": "avalugghisui", "gender": "M", "shiny": false, "level": 90, "moves": ["bodypress", "avalanche", "recover", "stoneedge"], "ability": "Sturdy", "evs": {"hp": 85, "atk": 85, "def": 85, "spa": 85, "spd": 85, "spe": 85}, "ivs": {"hp": 31, "atk": 31, "def": 31, "spa": 31, "spd": 31, "spe": 31}, "item": "Heavy-Duty Boots", "teraType": "Ghost", "role": "Bulky Attacker", "bvs": {"hp": 95, "atk": 127, "def": 184, "spa": 34, "spd": 36, "spe": 38}, "stats": {"hp": 317, "atk": 280, "def": 383, "spa": 113, "spd": 116, "spe": 120}, "types": ["Ice", "Rock"]}, "Dunsparce": {"name": "Dunsparce", "species": "Dunsparce", "speciesId": "dunsparce", "gender": "F", "shiny": false, "level": 86, "moves": ["earthquake", "bodyslam", "coil", "roost"], "ability": "Serene Grace", "evs": {"hp": 85, "atk": 85, "def": 85, "spa": 85, "spd": 85, "spe": 85}, "ivs": {"hp": 31, "atk": 31, "def": 31, "spa": 31, "spd": 31, "spe": 31}, "item": "Eviolite", "teraType": "Ground", "role": "Bulky Setup", "bvs": {"hp": 100, "atk": 70, "def": 70, "spa": 65, "spd": 65, "spe": 45}, "stats": {"hp": 312, "atk": 170, "def": 170, "spa": 161, "spd": 161, "spe": 127}, "types": ["Normal"]}}]}