{"id": "gen9randombattle-2641073505", "format": "[Gen 9] Random Battle", "players": ["Rifsmok", "9uijio\u00b4"], "log": "|j|\u2606Rifsmok\n|j|\u26069uijio\u00b4\n|t:|1782736502\n|gametype|singles\n|player|p1|Rifsmok|266|1040\n|player|p2|9uijio\u00b4|101|1022\n|gen|9\n|tier|[Gen 9] Random Battle\n|rated|\n|rule|Species Clause: Limit one of each Pok\u00e9mon\n|rule|HP Percentage Mod: HP is shown in percentages\n|rule|Sleep Clause Mod: Limit one foe put to sleep\n|rule|Illusion Level Mod: Illusion disguises the Pok\u00e9mon's true level\n|\n|t:|1782736502\n|teamsize|p1|6\n|teamsize|p2|6\n|start\n|switch|p1a: Basculin|Basculin, L86, M|261/261\n|switch|p2a: Arceus|Arceus-Water, L71|288/288\n|turn|1\n|inactive|Battle timer is ON: inactive players will automatically lose when time's up. (requested by 9uijio\u00b4)\n|\n|t:|1782736529\n|move|p1a: Basculin|Flip Turn|p2a: Arceus\n|-resisted|p2a: Arceus\n|-damage|p2a: Arceus|229/288\n|\n|t:|1782736541\n|switch|p1a: Kommo-o|Kommo-o, L78, F|245/245|[from] Flip Turn\n|move|p2a: Arceus|Will-O-Wisp|p1a: Kommo-o\n|-status|p1a: Kommo-o|brn\n|\n|-damage|p1a: Kommo-o|230/245 brn|[from] brn\n|upkeep\n|turn|2\n|\n|t:|1782736562\n|move|p2a: Arceus|Ice Beam|p1a: Kommo-o\n|-supereffective|p1a: Kommo-o\n|-crit|p1a: Kommo-o\n|-damage|p1a: Kommo-o|82/245 brn\n|move|p1a: Kommo-o|Clangorous Soul|p1a: Kommo-o\n|-boost|p1a: Kommo-o|atk|1\n|-boost|p1a: Kommo-o|def|1\n|-boost|p1a: Kommo-o|spa|1\n|-boost|p1a: Kommo-o|spd|1\n|-boost|p1a: Kommo-o|spe|1\n|-damage|p1a: Kommo-o|2/245 brn\n|-enditem|p1a: Kommo-o|Throat Spray\n|-boost|p1a: Kommo-o|spa|1|[from] item: Throat Spray\n|\n|-damage|p1a: Kommo-o|0 fnt|[from] brn\n|faint|p1a: Kommo-o\n|upkeep\n|inactive|Rifsmok has 120 seconds left.\n|\n|t:|1782736596\n|switch|p1a: Milotic|Milotic, L83, M|293/293\n|turn|3\n|\n|t:|1782736614\n|switch|p2a: Vespiquen|Vespiquen, L99, F|299/299\n|-ability|p2a: Vespiquen|Pressure\n|-terastallize|p1a: Milotic|Steel\n|move|p1a: Milotic|Dragon Tail|p2a: Vespiquen\n|-damage|p2a: Vespiquen|275/299\n|drag|p2a: Ceruledge|Ceruledge, L78, M|245/245\n|\n|upkeep\n|turn|4\n|\n|t:|1782736623\n|switch|p2a: Arceus|Arceus-Water, L71|229/288\n|move|p1a: Milotic|Scald|p2a: Arceus\n|-resisted|p2a: Arceus\n|-damage|p2a: Arceus|190/288\n|\n|upkeep\n|turn|5\n|\n|t:|1782736631\n|move|p2a: Arceus|Judgment|p1a: Milotic\n|-damage|p1a: Milotic|208/293\n|move|p1a: Milotic|Dragon Tail|p2a: Arceus\n|-damage|p2a: Arceus|164/288\n|drag|p2a: Vespiquen|Vespiquen, L99, F|275/299\n|-ability|p2a: Vespiquen|Pressure\n|\n|-heal|p1a: Milotic|226/293|[from] item: Leftovers\n|upkeep\n|turn|6\n|\n|t:|1782736640\n|move|p1a: Milotic|Ice Beam|p2a: Vespiquen\n|-supereffective|p2a: Vespiquen\n|-damage|p2a: Vespiquen|169/299\n|move|p2a: Vespiquen|Toxic Spikes|p1a: Milotic\n|-sidestart|p1: Rifsmok|move: Toxic Spikes\n|\n|-heal|p1a: Milotic|244/293|[from] item: Leftovers\n|upkeep\n|turn|7\n|inactive|Rifsmok has 120 seconds left.\n|\n|t:|1782736647\n|move|p1a: Milotic|Ice Beam|p2a: Vespiquen\n|-supereffective|p2a: Vespiquen\n|-damage|p2a: Vespiquen|77/299\n|move|p2a: Vespiquen|Toxic Spikes|p1a: Milotic\n|-sidestart|p1: Rifsmok|move: Toxic Spikes\n|\n|-heal|p1a: Milotic|262/293|[from] item: Leftovers\n|upkeep\n|turn|8\n|\n|t:|1782736654\n|switch|p2a: Arceus|Arceus-Water, L71|164/288\n|move|p1a: Milotic|Ice Beam|p2a: Arceus\n|-resisted|p2a: Arceus\n|-crit|p2a: Arceus\n|-damage|p2a: Arceus|122/288\n|\n|-heal|p1a: Milotic|280/293|[from] item: Leftovers\n|upkeep\n|turn|9\n|\n|t:|1782736661\n|move|p2a: Arceus|Recover|p2a: Arceus\n|-heal|p2a: Arceus|266/288\n|move|p1a: Milotic|Dragon Tail|p2a: Arceus\n|-damage|p2a: Arceus|240/288\n|drag|p2a: Mabosstiff|Mabosstiff, L86, F|278/278\n|\n|-heal|p1a: Milotic|293/293|[from] item: Leftovers\n|upkeep\n|turn|10\n|\n|t:|1782736669\n|move|p2a: Mabosstiff|Crunch|p1a: Milotic\n|-crit|p1a: Milotic\n|-damage|p1a: Milotic|47/293\n|move|p1a: Milotic|Scald|p2a: Mabosstiff\n|-damage|p2a: Mabosstiff|184/278\n|\n|-heal|p1a: Milotic|65/293|[from] item: Leftovers\n|upkeep\n|turn|11\n|\n|t:|1782736677\n|move|p2a: Mabosstiff|Crunch|p1a: Milotic\n|-damage|p1a: Milotic|0 fnt\n|faint|p1a: Milotic\n|\n|upkeep\n|\n|t:|1782736686\n|switch|p1a: Corviknight|Corviknight, L80, M|288/288\n|turn|12\n|\n|t:|1782736694\n|move|p2a: Mabosstiff|Crunch|p1a: Corviknight\n|-damage|p1a: Corviknight|146/288\n|-damage|p2a: Mabosstiff|138/278|[from] item: Rocky Helmet|[of] p1a: Corviknight\n|move|p1a: Corviknight|Defog|p2a: Mabosstiff\n|-unboost|p2a: Mabosstiff|evasion|1\n|-sideend|p1: Rifsmok|Toxic Spikes|[from] move: Defog|[of] p1a: Corviknight\n|\n|upkeep\n|turn|13\n|\n|t:|1782736702\n|move|p2a: Mabosstiff|Crunch|p1a: Corviknight\n|-damage|p1a: Corviknight|10/288\n|-damage|p2a: Mabosstiff|92/278|[from] item: Rocky Helmet|[of] p1a: Corviknight\n|move|p1a: Corviknight|U-turn|p2a: Mabosstiff\n|-supereffective|p2a: Mabosstiff\n|-damage|p2a: Mabosstiff|8/278\n|\n|t:|1782736714\n|switch|p1a: Basculin|Basculin, L86, M|261/261|[from] U-turn\n|\n|upkeep\n|turn|14\n|\n|t:|1782736720\n|switch|p2a: Arceus|Arceus-Water, L71|240/288\n|move|p1a: Basculin|Flip Turn|p2a: Arceus\n|-resisted|p2a: Arceus\n|-damage|p2a: Arceus|184/288\n|\n|t:|1782736728\n|switch|p1a: Glaceon|Glaceon, L94, F|275/275|[from] Flip Turn\n|\n|upkeep\n|turn|15\n|\n|t:|1782736743\n|switch|p2a: Reshiram|Reshiram, L76|277/277\n|-ability|p2a: Reshiram|Turboblaze\n|move|p1a: Glaceon|Wish|p1a: Glaceon\n|\n|upkeep\n|turn|16\n|\n|t:|1782736755\n|switch|p1a: Basculin|Basculin, L86, M|261/261\n|move|p2a: Reshiram|Dragon Tail|p1a: Basculin\n|-damage|p1a: Basculin|186/261\n|drag|p1a: Corviknight|Corviknight, L80, M|10/288\n|\n|-heal|p1a: Corviknight|147/288|[from] move: Wish|[wisher] Glaceon\n|upkeep\n|turn|17\n|\n|t:|1782736775\n|switch|p1a: Jirachi|Jirachi, L80|291/291\n|move|p2a: Reshiram|Will-O-Wisp|p1a: Jirachi\n|-status|p1a: Jirachi|brn\n|\n|-damage|p1a: Jirachi|273/291 brn|[from] brn\n|upkeep\n|turn|18\n|\n|t:|1782736789\n|move|p1a: Jirachi|U-turn|p2a: Reshiram\n|-resisted|p2a: Reshiram\n|-damage|p2a: Reshiram|266/277\n|\n|t:|1782736792\n|switch|p1a: Basculin|Basculin, L86, M|186/261|[from] U-turn\n|move|p2a: Reshiram|Blue Flare|p1a: Basculin\n|-resisted|p1a: Basculin\n|-damage|p1a: Basculin|78/261\n|\n|upkeep\n|turn|19\n|\n|t:|1782736803\n|move|p1a: Basculin|Wave Crash|p2a: Reshiram\n|-damage|p2a: Reshiram|26/277\n|-damage|p1a: Basculin|0 fnt|[from] Recoil\n|faint|p1a: Basculin\n|move|p2a: Reshiram|Will-O-Wisp|p1: Basculin|[notarget]\n|-fail|p2a: Reshiram\n|\n|upkeep\n|\n|t:|1782736814\n|switch|p1a: Corviknight|Corviknight, L80, M|147/288\n|turn|20\n|\n|t:|1782736823\n|move|p2a: Reshiram|Will-O-Wisp|p1a: Corviknight\n|-status|p1a: Corviknight|brn\n|move|p1a: Corviknight|Brave Bird|p2a: Reshiram\n|-damage|p2a: Reshiram|0 fnt\n|faint|p2a: Reshiram\n|-damage|p1a: Corviknight|138/288 brn|[from] Recoil\n|\n|-damage|p1a: Corviknight|120/288 brn|[from] brn\n|upkeep\n|\n|t:|1782736827\n|switch|p2a: Vespiquen|Vespiquen, L99, F|77/299\n|-ability|p2a: Vespiquen|Pressure\n|turn|21\n|\n|t:|1782736838\n|-terastallize|p2a: Vespiquen|Steel\n|move|p1a: Corviknight|Roost|p1a: Corviknight\n|-heal|p1a: Corviknight|264/288 brn\n|-singleturn|p1a: Corviknight|move: Roost\n|move|p2a: Vespiquen|Roost|p2a: Vespiquen\n|-heal|p2a: Vespiquen|227/299\n|\n|-damage|p1a: Corviknight|246/288 brn|[from] brn\n|upkeep\n|turn|22\n|\n|t:|1782736852\n|move|p1a: Corviknight|U-turn|p2a: Vespiquen\n|-resisted|p2a: Vespiquen\n|-damage|p2a: Vespiquen|219/299\n|\n|t:|1782736855\n|switch|p1a: Jirachi|Jirachi, L80|273/291 brn|[from] U-turn\n|move|p2a: Vespiquen|Toxic Spikes|p1a: Jirachi\n|-sidestart|p1: Rifsmok|move: Toxic Spikes\n|\n|-damage|p1a: Jirachi|255/291 brn|[from] brn\n|upkeep\n|turn|23\n|\n|t:|1782736862\n|move|p1a: Jirachi|Drain Punch|p2a: Vespiquen\n|-supereffective|p2a: Vespiquen\n|-damage|p2a: Vespiquen|183/299\n|-heal|p1a: Jirachi|273/291 brn|[from] drain|[of] p2a: Vespiquen\n|move|p2a: Vespiquen|Toxic Spikes|p1a: Jirachi\n|-sidestart|p1: Rifsmok|move: Toxic Spikes\n|\n|-damage|p1a: Jirachi|255/291 brn|[from] brn\n|upkeep\n|turn|24\n|\n|t:|1782736875\n|switch|p2a: Spiritomb|Spiritomb, L89, F|234/234\n|move|p1a: Jirachi|Drain Punch|p2a: Spiritomb\n|-immune|p2a: Spiritomb\n|\n|-damage|p1a: Jirachi|237/291 brn|[from] brn\n|upkeep\n|turn|25\n|\n|t:|1782736883\n|move|p1a: Jirachi|Iron Head|p2a: Spiritomb\n|-damage|p2a: Spiritomb|203/234\n|move|p2a: Spiritomb|Poltergeist|p1a: Jirachi\n|-activate|p1a: Jirachi|move: Poltergeist|Assault Vest\n|-supereffective|p1a: Jirachi\n|-damage|p1a: Jirachi|0 fnt\n|faint|p1a: Jirachi\n|\n|upkeep\n|\n|t:|1782736890\n|switch|p1a: Corviknight|Corviknight, L80, M|246/288 brn\n|turn|26\n|\n|t:|1782736893\n|move|p1a: Corviknight|Defog|p2a: Spiritomb\n|-unboost|p2a: Spiritomb|evasion|1\n|-sideend|p1: Rifsmok|Toxic Spikes|[from] move: Defog|[of] p1a: Corviknight\n|move|p2a: Spiritomb|Poltergeist|p1a: Corviknight\n|-activate|p1a: Corviknight|move: Poltergeist|Rocky Helmet\n|-damage|p1a: Corviknight|81/288 brn\n|\n|-damage|p1a: Corviknight|63/288 brn|[from] brn\n|upkeep\n|turn|27\n|\n|t:|1782736902\n|switch|p2a: Vespiquen|Vespiquen, L99, F, tera:Steel|183/299\n|-ability|p2a: Vespiquen|Pressure\n|move|p1a: Corviknight|Roost|p1a: Corviknight\n|-heal|p1a: Corviknight|207/288 brn\n|-singleturn|p1a: Corviknight|move: Roost\n|\n|-damage|p1a: Corviknight|189/288 brn|[from] brn\n|upkeep\n|turn|28\n|\n|t:|1782736912\n|move|p1a: Corviknight|U-turn|p2a: Vespiquen\n|-resisted|p2a: Vespiquen\n|-damage|p2a: Vespiquen|176/299\n|\n|t:|1782736915\n|switch|p1a: Glaceon|Glaceon, L94, F|275/275|[from] U-turn\n|move|p2a: Vespiquen|Toxic Spikes|p1a: Glaceon\n|-sidestart|p1: Rifsmok|move: Toxic Spikes\n|\n|upkeep\n|turn|29\n|\n|t:|1782736924\n|switch|p2a: Ceruledge|Ceruledge, L78, M|245/245\n|move|p1a: Glaceon|Wish|p1a: Glaceon\n|\n|upkeep\n|turn|30\n|\n|t:|1782736932\n|move|p2a: Ceruledge|Swords Dance|p2a: Ceruledge\n|-boost|p2a: Ceruledge|atk|2\n|move|p1a: Glaceon|Mud Shot|p2a: Ceruledge\n|-supereffective|p2a: Ceruledge\n|-damage|p2a: Ceruledge|121/245\n|-unboost|p2a: Ceruledge|spe|1\n|\n|upkeep\n|turn|31\n|\n|t:|1782736941\n|move|p1a: Glaceon|Mud Shot|p2a: Ceruledge\n|-supereffective|p2a: Ceruledge\n|-damage|p2a: Ceruledge|0 fnt\n|faint|p2a: Ceruledge\n|\n|upkeep\n|\n|t:|1782736949\n|switch|p2a: Mabosstiff|Mabosstiff, L86, F|8/278\n|turn|32\n|\n|t:|1782736956\n|move|p1a: Glaceon|Protect|p1a: Glaceon\n|-singleturn|p1a: Glaceon|Protect\n|move|p2a: Mabosstiff|Crunch|p1a: Glaceon\n|-activate|p1a: Glaceon|move: Protect\n|\n|upkeep\n|turn|33\n|\n|t:|1782736963\n|switch|p1a: Corviknight|Corviknight, L80, M|189/288 brn\n|move|p2a: Mabosstiff|Crunch|p1a: Corviknight\n|-damage|p1a: Corviknight|0 fnt\n|-damage|p2a: Mabosstiff|0 fnt|[from] item: Rocky Helmet|[of] p1a: Corviknight\n|faint|p1a: Corviknight\n|faint|p2a: Mabosstiff\n|\n|upkeep\n|\n|t:|1782736971\n|switch|p2a: Spiritomb|Spiritomb, L89, F|203/234\n|switch|p1a: Glaceon|Glaceon, L94, F|275/275\n|turn|34\n|\n|t:|1782736984\n|move|p1a: Glaceon|Freeze-Dry|p2a: Spiritomb\n|-damage|p2a: Spiritomb|103/234\n|move|p2a: Spiritomb|Poltergeist|p1a: Glaceon\n|-activate|p1a: Glaceon|move: Poltergeist|Heavy-Duty Boots\n|-damage|p1a: Glaceon|146/275\n|\n|upkeep\n|turn|35\n|\n|t:|1782736992\n|move|p1a: Glaceon|Freeze-Dry|p2a: Spiritomb\n|-damage|p2a: Spiritomb|16/234\n|move|p2a: Spiritomb|Poltergeist|p1a: Glaceon\n|-activate|p1a: Glaceon|move: Poltergeist|Heavy-Duty Boots\n|-damage|p1a: Glaceon|2/275\n|\n|upkeep\n|turn|36\n|\n|t:|1782736998\n|switch|p2a: Vespiquen|Vespiquen, L99, F, tera:Steel|176/299\n|-ability|p2a: Vespiquen|Pressure\n|move|p1a: Glaceon|Wish|p1a: Glaceon\n|\n|upkeep\n|turn|37\n|\n|t:|1782737006\n|move|p1a: Glaceon|Protect|p1a: Glaceon\n|-singleturn|p1a: Glaceon|Protect\n|move|p2a: Vespiquen|Air Slash|p1a: Glaceon\n|-activate|p1a: Glaceon|move: Protect\n|\n|-heal|p1a: Glaceon|139/275|[from] move: Wish|[wisher] Glaceon\n|upkeep\n|turn|38\n|\n|t:|1782737014\n|move|p1a: Glaceon|Wish|p1a: Glaceon\n|move|p2a: Vespiquen|Air Slash|p1a: Glaceon\n|-damage|p1a: Glaceon|66/275\n|\n|upkeep\n|turn|39\n|\n|t:|1782737018\n|move|p1a: Glaceon|Protect|p1a: Glaceon\n|-singleturn|p1a: Glaceon|Protect\n|move|p2a: Vespiquen|Air Slash|p1a: Glaceon\n|-activate|p1a: Glaceon|move: Protect\n|\n|-heal|p1a: Glaceon|203/275|[from] move: Wish|[wisher] Glaceon\n|upkeep\n|turn|40\n|\n|t:|1782737026\n|move|p1a: Glaceon|Mud Shot|p2a: Vespiquen\n|-supereffective|p2a: Vespiquen\n|-damage|p2a: Vespiquen|78/299\n|-unboost|p2a: Vespiquen|spe|1\n|move|p2a: Vespiquen|Roost|p2a: Vespiquen\n|-heal|p2a: Vespiquen|228/299\n|\n|upkeep\n|turn|41\n|\n|t:|1782737033\n|switch|p2a: Arceus|Arceus-Water, L71|184/288\n|move|p1a: Glaceon|Wish|p1a: Glaceon\n|\n|upkeep\n|turn|42\n|\n|t:|1782737040\n|move|p2a: Arceus|Will-O-Wisp|p1a: Glaceon\n|-status|p1a: Glaceon|brn\n|move|p1a: Glaceon|Mud Shot|p2a: Arceus\n|-damage|p2a: Arceus|131/288\n|-unboost|p2a: Arceus|spe|1\n|\n|-heal|p1a: Glaceon|275/275 brn|[from] move: Wish|[wisher] Glaceon\n|-damage|p1a: Glaceon|258/275 brn|[from] brn\n|upkeep\n|turn|43\n|\n|t:|1782737051\n|switch|p2a: Vespiquen|Vespiquen, L99, F, tera:Steel|228/299\n|-ability|p2a: Vespiquen|Pressure\n|move|p1a: Glaceon|Freeze-Dry|p2a: Vespiquen\n|-resisted|p2a: Vespiquen\n|-damage|p2a: Vespiquen|181/299\n|\n|-damage|p1a: Glaceon|241/275 brn|[from] brn\n|upkeep\n|turn|44\n|\n|t:|1782737060\n|move|p1a: Glaceon|Wish|p1a: Glaceon\n|move|p2a: Vespiquen|Roost|p2a: Vespiquen\n|-heal|p2a: Vespiquen|299/299\n|\n|-damage|p1a: Glaceon|224/275 brn|[from] brn\n|upkeep\n|turn|45\n|\n|t:|1782737067\n|switch|p2a: Arceus|Arceus-Water, L71|131/288\n|move|p1a: Glaceon|Mud Shot|p2a: Arceus\n|-damage|p2a: Arceus|78/288\n|-unboost|p2a: Arceus|spe|1\n|\n|-heal|p1a: Glaceon|275/275 brn|[from] move: Wish|[wisher] Glaceon\n|-damage|p1a: Glaceon|258/275 brn|[from] brn\n|upkeep\n|turn|46\n|\n|t:|1782737080\n|switch|p2a: Spiritomb|Spiritomb, L89, F|16/234\n|move|p1a: Glaceon|Freeze-Dry|p2a: Spiritomb\n|-damage|p2a: Spiritomb|0 fnt\n|faint|p2a: Spiritomb\n|\n|-damage|p1a: Glaceon|241/275 brn|[from] brn\n|upkeep\n|\n|t:|1782737084\n|switch|p2a: Arceus|Arceus-Water, L71|78/288\n|turn|47\n|\n|t:|1782737089\n|move|p2a: Arceus|Recover|p2a: Arceus\n|-heal|p2a: Arceus|222/288\n|move|p1a: Glaceon|Freeze-Dry|p2a: Arceus\n|-supereffective|p2a: Arceus\n|-damage|p2a: Arceus|12/288\n|\n|-damage|p1a: Glaceon|224/275 brn|[from] brn\n|upkeep\n|turn|48\n|\n|t:|1782737096\n|switch|p2a: Vespiquen|Vespiquen, L99, F, tera:Steel|299/299\n|-ability|p2a: Vespiquen|Pressure\n|move|p1a: Glaceon|Freeze-Dry|p2a: Vespiquen\n|-resisted|p2a: Vespiquen\n|-crit|p2a: Vespiquen\n|-damage|p2a: Vespiquen|233/299\n|-status|p2a: Vespiquen|frz\n|\n|-damage|p1a: Glaceon|207/275 brn|[from] brn\n|upkeep\n|turn|49\n|\n|t:|1782737106\n|move|p1a: Glaceon|Mud Shot|p2a: Vespiquen\n|-supereffective|p2a: Vespiquen\n|-damage|p2a: Vespiquen|133/299 frz\n|-unboost|p2a: Vespiquen|spe|1\n|cant|p2a: Vespiquen|frz\n|\n|-damage|p1a: Glaceon|190/275 brn|[from] brn\n|upkeep\n|turn|50\n|\n|t:|1782737114\n|move|p1a: Glaceon|Wish|p1a: Glaceon\n|cant|p2a: Vespiquen|frz\n|\n|-damage|p1a: Glaceon|173/275 brn|[from] brn\n|upkeep\n|turn|51\n|\n|t:|1782737119\n|move|p1a: Glaceon|Mud Shot|p2a: Vespiquen\n|-supereffective|p2a: Vespiquen\n|-damage|p2a: Vespiquen|43/299 frz\n|-unboost|p2a: Vespiquen|spe|1\n|cant|p2a: Vespiquen|frz\n|\n|-heal|p1a: Glaceon|275/275 brn|[from] move: Wish|[wisher] Glaceon\n|-damage|p1a: Glaceon|258/275 brn|[from] brn\n|upkeep\n|turn|52\n|\n|t:|1782737128\n|move|p1a: Glaceon|Mud Shot|p2a: Vespiquen\n|-supereffective|p2a: Vespiquen\n|-damage|p2a: Vespiquen|0 fnt\n|faint|p2a: Vespiquen\n|\n|-damage|p1a: Glaceon|241/275 brn|[from] brn\n|upkeep\n|-message|9uijio\u00b4 forfeited.\n|\n|win|Rifsmok\n|raw|Rifsmok's rating: 1040 &rarr; <strong>1072</strong><br />(+32 for winning)\n|raw|9uijio\u00b4's rating: 1022 &rarr; <strong>1009</strong><br />(-13 for losing)\n|l|\u26069uijio\u00b4\n|player|p2|\n", "inputlog": ">version 3f8ef8cf60cebd2b18892af2794d10415e14a302\n>start {\"formatid\":\"gen9randombattle\",\"seed\":\"sodium,1125b83bb3fc4aed89ad4b98b31a2440\",\"rated\":\"Rated battle\"}\n>player p1 {\"name\":\"Rifsmok\",\"avatar\":\"266\",\"rating\":1040,\"seed\":\"sodium,14505ea53f4fb79a503af58b3fac81c1\"}\n>player p2 {\"name\":\"9uijio\u00b4\",\"avatar\":\"101\",\"rating\":1022,\"seed\":\"sodium,2f297873ca511b3c735e1c2cb3e3c1f7\"}\n>p1 move flipturn\n>p2 move willowisp\n>p1 switch 6\n>p1 move clangoroussoul\n>p2 move icebeam\n>p1 switch 2\n>p1 move dragontail terastallize\n>p2 switch 6\n>p1 move scald\n>p2 switch 6\n>p1 move dragontail\n>p2 move judgment\n>p1 move icebeam\n>p2 move toxicspikes\n>p1 move icebeam\n>p2 move toxicspikes\n>p1 move icebeam\n>p2 switch 4\n>p1 move dragontail\n>p2 move recover\n>p1 move scald\n>p2 move crunch\n>p1 move recover\n>p2 move crunch\n>p1 switch 4\n>p1 move defog\n>p2 move crunch\n>p1 move uturn\n>p2 move crunch\n>p1 switch 6\n>p1 move flipturn\n>p2 switch 2\n>p1 switch 3\n>p1 move wish\n>p2 switch 5\n>p1 switch 3\n>p2 move dragontail\n>p1 switch 5\n>p2 move willowisp\n>p1 move uturn\n>p2 move blueflare\n>p1 switch 6\n>p1 move wavecrash\n>p2 move willowisp\n>p1 switch 5\n>p1 move bravebird\n>p2 move willowisp\n>p2 switch 4\n>p1 move roost\n>p2 move roost terastallize\n>p1 move uturn\n>p2 move toxicspikes\n>p1 switch 6\n>p1 move drainpunch\n>p2 move toxicspikes\n>p1 move drainpunch\n>p2 switch 3\n>p1 move ironhead\n>p2 move poltergeist\n>p1 switch 6\n>p1 move defog\n>p2 move poltergeist\n>p1 move roost\n>p2 switch 3\n>p1 move uturn\n>p2 move toxicspikes\n>p1 switch 3\n>p1 move wish\n>p2 switch 6\n>p1 move mudshot\n>p2 move swordsdance\n>p1 move mudshot\n>p2 move bitterblade\n>p2 switch 2\n>p1 move protect\n>p2 move crunch\n>p1 switch 3\n>p2 move crunch\n>p1 switch 3\n>p2 switch 3\n>p1 move freezedry\n>p2 move poltergeist\n>p1 move freezedry\n>p2 move poltergeist\n>p1 move wish\n>p2 switch 6\n>p1 move protect\n>p2 move airslash\n>p1 move wish\n>p2 move airslash\n>p1 move protect\n>p2 move airslash\n>p1 move mudshot\n>p2 move roost\n>p1 move wish\n>p2 switch 5\n>p1 move mudshot\n>p2 move willowisp\n>p1 move freezedry\n>p2 switch 5\n>p1 move wish\n>p2 move roost\n>p1 move mudshot\n>p2 switch 5\n>p1 move freezedry\n>p2 switch 6\n>p2 switch 6\n>p1 move freezedry\n>p2 move recover\n>p1 move freezedry\n>p2 switch 5\n>p1 move mudshot\n>p2 move roost\n>p1 move wish\n>p2 move roost\n>p1 move mudshot\n>p2 move roost\n>p1 move mudshot\n>p2 move roost\n>forcelose p2", "uploadtime": 1782737146, "views": 13, "formatid": "gen9randombattle", "rating": 1009, "private": 0, "password": null, "player_dets": [{"name": "Rifsmok", "avatar": "266", "rating": 1040, "seed": "sodium,14505ea53f4fb79a503af58b3fac81c1"}, {"name": "9uijio\u00b4", "avatar": "101", "rating": 1022, "seed": "sodium,2f297873ca511b3c735e1c2cb3e3c1f7"}], "teams_full": [{"Basculin": {"name": "Basculin", "species": "Basculin", "speciesId": "basculin", "gender": "M", "shiny": false, "level": 86, "moves": ["wavecrash", "doubleedge", "aquajet", "flipturn"], "ability": "Adaptability", "evs": {"hp": 85, "atk": 85, "def": 85, "spa": 85, "spd": 85, "spe": 85}, "ivs": {"hp": 31, "atk": 31, "def": 31, "spa": 31, "spd": 31, "spe": 31}, "item": "Choice Band", "teraType": "Water", "role": "Wallbreaker", "bvs": {"hp": 70, "atk": 92, "def": 65, "spa": 80, "spd": 55, "spe": 98}, "stats": {"hp": 261, "atk": 207, "def": 161, "spa": 187, "spd": 144, "spe": 218}, "types": ["Water"]}, "Milotic": {"name": "Milotic", "species": "Milotic", "speciesId": "milotic", "gender": "M", "shiny": false, "level": 83, "moves": ["recover", "scald", "icebeam", "dragontail"], "ability": "Competitive", "evs": {"hp": 85, "atk": 85, "def": 85, "spa": 85, "spd": 85, "spe": 85}, "ivs": {"hp": 31, "atk": 31, "def": 31, "spa": 31, "spd": 31, "spe": 31}, "item": "Leftovers", "teraType": "Steel", "role": "Bulky Attacker", "bvs": {"hp": 95, "atk": 60, "def": 79, "spa": 100, "spd": 125, "spe": 81}, "stats": {"hp": 293, "atk": 147, "def": 179, "spa": 214, "spd": 255, "spe": 182}, "types": ["Water"]}, "Glaceon": {"name": "Glaceon", "species": "Glaceon", "speciesId": "glaceon", "gender": "F", "shiny": false, "level": 94, "moves": ["freezedry", "protect", "mudshot", "wish"], "ability": "Ice Body", "evs": {"hp": 85, "atk": 0, "def": 85, "spa": 85, "spd": 85, "spe": 85}, "ivs": {"hp": 31, "atk": 0, "def": 31, "spa": 31, "spd": 31, "spe": 31}, "item": "Heavy-Duty Boots", "teraType": "Ground", "role": "Bulky Attacker", "bvs": {"hp": 65, "atk": 60, "def": 110, "spa": 130, "spd": 95, "spe": 65}, "stats": {"hp": 275, "atk": 117, "def": 260, "spa": 298, "spd": 232, "spe": 176}, "types": ["Ice"]}, "Corviknight": {"name": "Corviknight", "species": "Corviknight", "speciesId": "corviknight", "gender": "M", "shiny": false, "level": 80, "moves": ["roost", "uturn", "defog", "bravebird"], "ability": "Mirror Armor", "evs": {"hp": 85, "atk": 85, "def": 85, "spa": 85, "spd": 85, "spe": 85}, "ivs": {"hp": 31, "atk": 31, "def": 31, "spa": 31, "spd": 31, "spe": 31}, "item": "Rocky Helmet", "teraType": "Dragon", "role": "Bulky Support", "bvs": {"hp": 98, "atk": 87, "def": 105, "spa": 53, "spd": 85, "spe": 67}, "stats": {"hp": 288, "atk": 185, "def": 214, "spa": 131, "spd": 182, "spe": 153}, "types": ["Flying", "Steel"]}, "Jirachi": {"name": "Jirachi", "species": "Jirachi", "speciesId": "jirachi", "gender": "N", "shiny": false, "level": 80, "moves": ["uturn", "bodyslam", "drainpunch", "ironhead"], "ability": "Serene Grace", "evs": {"hp": 85, "atk": 85, "def": 85, "spa": 85, "spd": 85, "spe": 85}, "ivs": {"hp": 31, "atk": 31, "def": 31, "spa": 31, "spd": 31, "spe": 31}, "item": "Assault Vest", "teraType": "Fighting", "role": "Bulky Attacker", "bvs": {"hp": 100, "atk": 100, "def": 100, "spa": 100, "spd": 100, "spe": 100}, "stats": {"hp": 291, "atk": 206, "def": 206, "spa": 206, "spd": 206, "spe": 206}, "types": ["Steel", "Psychic"]}, "Kommo-o": {"name": "Kommo-o", "species": "Kommo-o", "speciesId": "kommoo", "gender": "F", "shiny": false, "level": 78, "moves": ["clangoroussoul", "ironhead", "drainpunch", "clangingscales"], "ability": "Soundproof", "evs": {"hp": 85, "atk": 85, "def": 85, "spa": 85, "spd": 85, "spe": 85}, "ivs": {"hp": 31, "atk": 31, "def": 31, "spa": 31, "spd": 31, "spe": 31}, "item": "Throat Spray", "teraType": "Steel", "role": "Fast Bulky Setup", "bvs": {"hp": 75, "atk": 110, "def": 125, "spa": 100, "spd": 105, "spe": 85}, "stats": {"hp": 245, "atk": 217, "def": 240, "spa": 201, "spd": 209, "spe": 178}, "types": ["Dragon", "Fighting"]}}, {"Arceus": {"name": "Arceus", "species": "Arceus-Water", "speciesId": "arceuswater", "gender": "N", "shiny": false, "level": 71, "moves": ["judgment", "willowisp", "recover", "icebeam"], "ability": "Multitype", "evs": {"hp": 85, "atk": 0, "def": 85, "spa": 85, "spd": 85, "spe": 85}, "ivs": {"hp": 31, "atk": 0, "def": 31, "spa": 31, "spd": 31, "spe": 31}, "item": "Splash Plate", "teraType": "Steel", "role": "Bulky Support", "bvs": {"hp": 120, "atk": 120, "def": 120, "spa": 120, "spd": 120, "spe": 120}, "stats": {"hp": 288, "atk": 175, "def": 212, "spa": 212, "spd": 212, "spe": 212}, "types": ["Water"]}, "Mabosstiff": {"name": "Mabosstiff", "species": "Mabosstiff", "speciesId": "mabosstiff", "gender": "F", "shiny": false, "level": 86, "moves": ["playrough", "psychicfangs", "crunch", "wildcharge"], "ability": "Stakeout", "evs": {"hp": 85, "atk": 85, "def": 85, "spa": 85, "spd": 85, "spe": 85}, "ivs": {"hp": 31, "atk": 31, "def": 31, "spa": 31, "spd": 31, "spe": 31}, "item": "Choice Band", "teraType": "Fairy", "role": "Bulky Attacker", "bvs": {"hp": 80, "atk": 120, "def": 90, "spa": 60, "spd": 70, "spe": 85}, "stats": {"hp": 278, "atk": 256, "def": 204, "spa": 152, "spd": 170, "spe": 195}, "types": ["Dark"]}, "Spiritomb": {"name": "Spiritomb", "species": "Spiritomb", "speciesId": "spiritomb", "gender": "F", "shiny": false, "level": 89, "moves": ["foulplay", "suckerpunch", "poltergeist", "shadowsneak"], "ability": "Infiltrator", "evs": {"hp": 85, "atk": 85, "def": 85, "spa": 85, "spd": 85, "spe": 85}, "ivs": {"hp": 31, "atk": 31, "def": 31, "spa": 31, "spd": 31, "spe": 31}, "item": "Choice Band", "teraType": "Steel", "role": "Bulky Support", "bvs": {"hp": 50, "atk": 92, "def": 108, "spa": 92, "spd": 108, "spe": 35}, "stats": {"hp": 234, "atk": 215, "def": 243, "spa": 215, "spd": 243, "spe": 113}, "types": ["Ghost", "Dark"]}, "Ceruledge": {"name": "Ceruledge", "species": "Ceruledge", "speciesId": "ceruledge", "gender": "M", "shiny": false, "level": 78, "moves": ["closecombat", "swordsdance", "bitterblade", "poltergeist"], "ability": "Weak Armor", "evs": {"hp": 85, "atk": 85, "def": 85, "spa": 85, "spd": 85, "spe": 85}, "ivs": {"hp": 31, "atk": 31, "def": 31, "spa": 31, "spd": 31, "spe": 31}, "item": "Heavy-Duty Boots", "teraType": "Fighting", "role": "Setup Sweeper", "bvs": {"hp": 75, "atk": 125, "def": 80, "spa": 60, "spd": 100, "spe": 85}, "stats": {"hp": 245, "atk": 240, "def": 170, "spa": 139, "spd": 201, "spe": 178}, "types": ["Fire", "Ghost"]}, "Reshiram": {"name": "Reshiram", "species": "Reshiram", "speciesId": "reshiram", "gender": "N", "shiny": false, "level": 76, "moves": ["blueflare", "dragontail", "willowisp", "dracometeor"], "ability": "Turboblaze", "evs": {"hp": 85, "atk": 85, "def": 85, "spa": 85, "spd": 85, "spe": 85}, "ivs": {"hp": 31, "atk": 31, "def": 31, "spa": 31, "spd": 31, "spe": 31}, "item": "Heavy-Duty Boots", "teraType": "Fire", "role": "Fast Attacker", "bvs": {"hp": 100, "atk": 120, "def": 100, "spa": 150, "spd": 120, "spe": 90}, "stats": {"hp": 277, "atk": 226, "def": 196, "spa": 272, "spd": 226, "spe": 181}, "types": ["Dragon", "Fire"]}, "Vespiquen": {"name": "Vespiquen", "species": "Vespiquen", "speciesId": "vespiquen", "gender": "F", "shiny": false, "level": 99, "moves": ["uturn", "airslash", "roost", "toxicspikes"], "ability": "Pressure", "evs": {"hp": 85, "atk": 85, "def": 85, "spa": 85, "spd": 85, "spe": 85}, "ivs": {"hp": 31, "atk": 31, "def": 31, "spa": 31, "spd": 31, "spe": 31}, "item": "Heavy-Duty Boots", "teraType": "Steel", "role": "Bulky Support", "bvs": {"hp": 70, "atk": 80, "def": 102, "spa": 80, "spd": 102, "spe": 40}, "stats": {"hp": 299, "atk": 214, "def": 258, "spa": 214, "spd": 258, "spe": 135}, "types": ["Bug", "Flying"]}}]}