{"id": "gen9randombattle-2641656442", "format": "[Gen 9] Random Battle", "players": ["trenchwarrior", "StigmaX"], "log": "|j|\u2606trenchwarrior\n|j|\u2606StigmaX\n|t:|1782825786\n|gametype|singles\n|player|p1|trenchwarrior|byron|2227\n|player|p2|StigmaX|1|2201\n|gen|9\n|tier|[Gen 9] Random Battle\n|rated|\n|rule|Species Clause: Limit one of each Pok\u00e9mon\n|rule|HP Percentage Mod: HP is shown in percentages\n|rule|Sleep Clause Mod: Limit one foe put to sleep\n|rule|Illusion Level Mod: Illusion disguises the Pok\u00e9mon's true level\n|\n|t:|1782825786\n|teamsize|p1|6\n|teamsize|p2|6\n|start\n|switch|p1a: Alcremie|Alcremie, L90, F|263/263\n|switch|p2a: Golem|Golem, L87, F|281/281\n|turn|1\n|inactive|Battle timer is ON: inactive players will automatically lose when time's up. (requested by trenchwarrior)\n|\n|t:|1782825800\n|switch|p2a: Banette|Banette, L93, M|270/270\n|move|p1a: Alcremie|Alluring Voice|p2a: Banette\n|-damage|p2a: Banette|138/270\n|\n|upkeep\n|turn|2\n|\n|t:|1782825809\n|switch|p1a: Tyranitar|Tyranitar, L78, M|284/284\n|-weather|Sandstorm|[from] ability: Sand Stream|[of] p1a: Tyranitar\n|move|p2a: Banette|Gunk Shot|p1a: Tyranitar|[miss]\n|-miss|p2a: Banette|p1a: Tyranitar\n|\n|-weather|Sandstorm|[upkeep]\n|-damage|p2a: Banette|122/270|[from] Sandstorm\n|upkeep\n|turn|3\n|\n|t:|1782825814\n|switch|p2a: Ting-Lu|Ting-Lu, L78|370/370\n|-ability|p2a: Ting-Lu|Vessel of Ruin\n|move|p1a: Tyranitar|Knock Off|p2a: Ting-Lu\n|-resisted|p2a: Ting-Lu\n|-damage|p2a: Ting-Lu|321/370\n|-enditem|p2a: Ting-Lu|Leftovers|[from] move: Knock Off|[of] p1a: Tyranitar\n|\n|-weather|Sandstorm|[upkeep]\n|upkeep\n|turn|4\n|\n|t:|1782825828\n|switch|p1a: Hariyama|Hariyama, L87, F|392/392\n|move|p2a: Ting-Lu|Stealth Rock|p1a: Hariyama\n|-sidestart|p1: trenchwarrior|move: Stealth Rock\n|\n|-weather|Sandstorm|[upkeep]\n|-damage|p1a: Hariyama|368/392|[from] Sandstorm\n|-status|p1a: Hariyama|brn|[from] item: Flame Orb\n|upkeep\n|turn|5\n|\n|t:|1782825837\n|switch|p2a: Banette|Banette, L93, M|122/270\n|move|p1a: Hariyama|Close Combat|p2a: Banette\n|-immune|p2a: Banette\n|\n|-weather|Sandstorm|[upkeep]\n|-damage|p2a: Banette|106/270|[from] Sandstorm\n|-damage|p1a: Hariyama|344/392 brn|[from] Sandstorm\n|-damage|p1a: Hariyama|320/392 brn|[from] brn\n|upkeep\n|turn|6\n|\n|t:|1782825844\n|move|p2a: Banette|Poltergeist|p1a: Hariyama\n|-activate|p1a: Hariyama|move: Poltergeist|Flame Orb\n|-damage|p1a: Hariyama|55/392 brn\n|-damage|p2a: Banette|79/270|[from] item: Life Orb\n|move|p1a: Hariyama|Knock Off|p2a: Banette\n|-supereffective|p2a: Banette\n|-damage|p2a: Banette|0 fnt\n|-enditem|p2a: Banette|Life Orb|[from] move: Knock Off|[of] p1a: Hariyama\n|faint|p2a: Banette\n|\n|-weather|none\n|-damage|p1a: Hariyama|31/392 brn|[from] brn\n|upkeep\n|\n|t:|1782825850\n|switch|p2a: Alomomola|Alomomola, L87, F|429/429\n|turn|7\n|\n|t:|1782825861\n|switch|p1a: Cacturne|Cacturne, L92, M|278/278\n|-damage|p1a: Cacturne|244/278|[from] Stealth Rock\n|move|p2a: Alomomola|Scald|p1a: Cacturne\n|-heal|p1a: Cacturne|278/278|[from] ability: Water Absorb|[of] p2a: Alomomola\n|\n|upkeep\n|turn|8\n|\n|t:|1782825865\n|switch|p2a: Jumpluff|Jumpluff, L87, F|271/271\n|move|p1a: Cacturne|Swords Dance|p1a: Cacturne\n|-boost|p1a: Cacturne|atk|2\n|\n|upkeep\n|turn|9\n|\n|t:|1782825871\n|switch|p1a: Hariyama|Hariyama, L87, F|31/392 brn\n|-damage|p1a: Hariyama|7/392 brn|[from] Stealth Rock\n|move|p2a: Jumpluff|Encore||[still]\n|-fail|p2a: Jumpluff\n|\n|-damage|p1a: Hariyama|0 fnt|[from] brn\n|faint|p1a: Hariyama\n|upkeep\n|\n|t:|1782825898\n|switch|p1a: Alcremie|Alcremie, L90, F|263/263\n|-damage|p1a: Alcremie|231/263|[from] Stealth Rock\n|turn|10\n|inactive|StigmaX has 120 seconds left.\n|inactive|StigmaX has 90 seconds left.\n|\n|t:|1782825962\n|switch|p2a: Cryogonal|Cryogonal, L89|287/287\n|move|p1a: Alcremie|Calm Mind|p1a: Alcremie\n|-boost|p1a: Alcremie|spa|1\n|-boost|p1a: Alcremie|spd|1\n|\n|-heal|p1a: Alcremie|247/263|[from] item: Leftovers\n|upkeep\n|turn|11\n|\n|t:|1782825967\n|move|p2a: Cryogonal|Haze|p2a: Cryogonal\n|-clearallboost\n|move|p1a: Alcremie|Calm Mind|p1a: Alcremie\n|-boost|p1a: Alcremie|spa|1\n|-boost|p1a: Alcremie|spd|1\n|\n|-heal|p1a: Alcremie|263/263|[from] item: Leftovers\n|upkeep\n|turn|12\n|\n|t:|1782825977\n|switch|p1a: Tyranitar|Tyranitar, L78, M|284/284\n|-damage|p1a: Tyranitar|249/284|[from] Stealth Rock\n|-weather|Sandstorm|[from] ability: Sand Stream|[of] p1a: Tyranitar\n|move|p2a: Cryogonal|Haze|p2a: Cryogonal\n|-clearallboost\n|\n|-weather|Sandstorm|[upkeep]\n|-damage|p2a: Cryogonal|270/287|[from] Sandstorm\n|upkeep\n|turn|13\n|\n|t:|1782825987\n|switch|p2a: Ting-Lu|Ting-Lu, L78|321/370\n|-ability|p2a: Ting-Lu|Vessel of Ruin\n|move|p1a: Tyranitar|Knock Off|p2a: Ting-Lu\n|-resisted|p2a: Ting-Lu\n|-damage|p2a: Ting-Lu|288/370\n|\n|-weather|Sandstorm|[upkeep]\n|upkeep\n|turn|14\n|\n|t:|1782825996\n|move|p1a: Tyranitar|Earthquake|p2a: Ting-Lu\n|-damage|p2a: Ting-Lu|227/370\n|move|p2a: Ting-Lu|Spikes|p1a: Tyranitar\n|-sidestart|p1: trenchwarrior|Spikes\n|\n|-weather|Sandstorm|[upkeep]\n|upkeep\n|turn|15\n|\n|t:|1782826001\n|move|p1a: Tyranitar|Earthquake|p2a: Ting-Lu\n|-damage|p2a: Ting-Lu|159/370\n|move|p2a: Ting-Lu|Earthquake|p1a: Tyranitar\n|-supereffective|p1a: Tyranitar\n|-damage|p1a: Tyranitar|57/284\n|\n|-weather|Sandstorm|[upkeep]\n|upkeep\n|turn|16\n|\n|t:|1782826004\n|switch|p2a: Alomomola|Alomomola, L87, F|429/429\n|move|p1a: Tyranitar|Earthquake|p2a: Alomomola\n|-damage|p2a: Alomomola|348/429\n|\n|-weather|none\n|-heal|p2a: Alomomola|374/429|[from] item: Leftovers\n|upkeep\n|turn|17\n|\n|t:|1782826007\n|move|p2a: Alomomola|Wish|p2a: Alomomola\n|move|p1a: Tyranitar|Knock Off|p2a: Alomomola\n|-damage|p2a: Alomomola|251/429\n|-enditem|p2a: Alomomola|Leftovers|[from] move: Knock Off|[of] p1a: Tyranitar\n|\n|upkeep\n|turn|18\n|\n|t:|1782826011\n|switch|p2a: Ting-Lu|Ting-Lu, L78|159/370\n|-ability|p2a: Ting-Lu|Vessel of Ruin\n|move|p1a: Tyranitar|Dragon Tail|p2a: Ting-Lu\n|-damage|p2a: Ting-Lu|120/370\n|drag|p2a: Jumpluff|Jumpluff, L87, F|271/271\n|\n|upkeep\n|turn|19\n|\n|t:|1782826021\n|switch|p2a: Alomomola|Alomomola, L87, F|394/429\n|move|p1a: Tyranitar|Stone Edge|p2a: Alomomola\n|-damage|p2a: Alomomola|273/429\n|\n|upkeep\n|turn|20\n|\n|t:|1782826029\n|move|p2a: Alomomola|Wish|p2a: Alomomola\n|move|p1a: Tyranitar|Earthquake|p2a: Alomomola\n|-crit|p2a: Alomomola\n|-damage|p2a: Alomomola|156/429\n|\n|upkeep\n|turn|21\n|\n|t:|1782826032\n|move|p2a: Alomomola|Flip Turn|p1a: Tyranitar\n|-supereffective|p1a: Tyranitar\n|-damage|p1a: Tyranitar|0 fnt\n|faint|p1a: Tyranitar\n|\n|t:|1782826035\n|switch|p2a: Ting-Lu|Ting-Lu, L78|120/370|[from] Flip Turn\n|-ability|p2a: Ting-Lu|Vessel of Ruin\n|\n|-heal|p2a: Ting-Lu|334/370|[from] move: Wish|[wisher] Alomomola\n|upkeep\n|\n|t:|1782826038\n|switch|p1a: Azumarill|Azumarill, L82, M|298/298\n|-damage|p1a: Azumarill|261/298|[from] Stealth Rock\n|-damage|p1a: Azumarill|224/298|[from] Spikes\n|turn|22\n|\n|t:|1782826048\n|switch|p2a: Alomomola|Alomomola, L87, F|299/429\n|move|p1a: Azumarill|Play Rough|p2a: Alomomola\n|-damage|p2a: Alomomola|125/429\n|\n|upkeep\n|turn|23\n|\n|t:|1782826053\n|move|p2a: Alomomola|Protect|p2a: Alomomola\n|-singleturn|p2a: Alomomola|Protect\n|move|p1a: Azumarill|Play Rough|p2a: Alomomola\n|-activate|p2a: Alomomola|move: Protect\n|\n|upkeep\n|turn|24\n|\n|t:|1782826058\n|switch|p2a: Jumpluff|Jumpluff, L87, F|271/271\n|move|p1a: Azumarill|Play Rough|p2a: Jumpluff|[miss]\n|-miss|p1a: Azumarill|p2a: Jumpluff\n|\n|upkeep\n|turn|25\n|\n|t:|1782826063\n|move|p2a: Jumpluff|Sleep Powder|p1a: Azumarill\n|-status|p1a: Azumarill|slp|[from] move: Sleep Powder\n|cant|p1a: Azumarill|slp\n|\n|upkeep\n|turn|26\n|\n|t:|1782826068\n|move|p2a: Jumpluff|Acrobatics|p1a: Azumarill\n|-damage|p1a: Azumarill|128/298 slp\n|-curestatus|p1a: Azumarill|slp|[msg]\n|move|p1a: Azumarill|Play Rough|p2a: Jumpluff\n|-damage|p2a: Jumpluff|76/271\n|\n|upkeep\n|turn|27\n|\n|t:|1782826075\n|move|p2a: Jumpluff|Strength Sap|p1a: Azumarill\n|-unboost|p1a: Azumarill|atk|1\n|-heal|p2a: Jumpluff|205/271\n|move|p1a: Azumarill|Play Rough|p2a: Jumpluff\n|-damage|p2a: Jumpluff|75/271\n|\n|upkeep\n|turn|28\n|\n|t:|1782826086\n|switch|p1a: Alcremie|Alcremie, L90, F|263/263\n|-damage|p1a: Alcremie|231/263|[from] Stealth Rock\n|-damage|p1a: Alcremie|199/263|[from] Spikes\n|move|p2a: Jumpluff|Strength Sap|p1a: Alcremie\n|-unboost|p1a: Alcremie|atk|1\n|-heal|p2a: Jumpluff|188/271\n|\n|-heal|p1a: Alcremie|215/263|[from] item: Leftovers\n|upkeep\n|turn|29\n|\n|t:|1782826094\n|switch|p1a: Iron Boulder|Iron Boulder, L77|265/265\n|-damage|p1a: Iron Boulder|232/265|[from] Stealth Rock\n|-damage|p1a: Iron Boulder|199/265|[from] Spikes\n|move|p2a: Jumpluff|Sleep Powder|p1a: Iron Boulder|[miss]\n|-miss|p2a: Jumpluff|p1a: Iron Boulder\n|\n|upkeep\n|turn|30\n|\n|t:|1782826104\n|move|p2a: Jumpluff|Sleep Powder|p1a: Iron Boulder\n|-status|p1a: Iron Boulder|slp|[from] move: Sleep Powder\n|cant|p1a: Iron Boulder|slp\n|\n|upkeep\n|turn|31\n|\n|t:|1782826107\n|move|p2a: Jumpluff|Strength Sap|p1a: Iron Boulder\n|-unboost|p1a: Iron Boulder|atk|1\n|-heal|p2a: Jumpluff|271/271\n|cant|p1a: Iron Boulder|slp\n|\n|upkeep\n|turn|32\n|\n|t:|1782826112\n|switch|p2a: Ting-Lu|Ting-Lu, L78|334/370\n|-ability|p2a: Ting-Lu|Vessel of Ruin\n|cant|p1a: Iron Boulder|slp\n|\n|upkeep\n|turn|33\n|\n|t:|1782826118\n|-end|p1a: Iron Boulder|Quark Drive|[silent]\n|switch|p1a: Cacturne|Cacturne, L92, M|278/278\n|-damage|p1a: Cacturne|244/278|[from] Stealth Rock\n|-damage|p1a: Cacturne|210/278|[from] Spikes\n|move|p2a: Ting-Lu|Earthquake|p1a: Cacturne\n|-resisted|p1a: Cacturne\n|-crit|p1a: Cacturne\n|-damage|p1a: Cacturne|111/278\n|\n|upkeep\n|turn|34\n|\n|t:|1782826121\n|switch|p2a: Jumpluff|Jumpluff, L87, F|271/271\n|move|p1a: Cacturne|Knock Off|p2a: Jumpluff\n|-crit|p2a: Jumpluff\n|-damage|p2a: Jumpluff|71/271\n|-damage|p1a: Cacturne|84/278|[from] item: Life Orb\n|\n|upkeep\n|turn|35\n|\n|t:|1782826127\n|switch|p1a: Alcremie|Alcremie, L90, F|215/263\n|-damage|p1a: Alcremie|183/263|[from] Stealth Rock\n|-damage|p1a: Alcremie|151/263|[from] Spikes\n|move|p2a: Jumpluff|Strength Sap|p1a: Alcremie\n|-unboost|p1a: Alcremie|atk|1\n|-heal|p2a: Jumpluff|184/271\n|\n|-heal|p1a: Alcremie|167/263|[from] item: Leftovers\n|upkeep\n|turn|36\n|\n|t:|1782826133\n|switch|p2a: Cryogonal|Cryogonal, L89|270/287\n|move|p1a: Alcremie|Calm Mind|p1a: Alcremie\n|-boost|p1a: Alcremie|spa|1\n|-boost|p1a: Alcremie|spd|1\n|\n|-heal|p1a: Alcremie|183/263|[from] item: Leftovers\n|upkeep\n|turn|37\n|\n|t:|1782826136\n|move|p2a: Cryogonal|Haze|p2a: Cryogonal\n|-clearallboost\n|move|p1a: Alcremie|Alluring Voice|p2a: Cryogonal\n|-damage|p2a: Cryogonal|191/287\n|\n|-heal|p1a: Alcremie|199/263|[from] item: Leftovers\n|upkeep\n|turn|38\n|\n|t:|1782826142\n|move|p2a: Cryogonal|Freeze-Dry|p1a: Alcremie\n|-crit|p1a: Alcremie\n|-damage|p1a: Alcremie|114/263\n|move|p1a: Alcremie|Calm Mind|p1a: Alcremie\n|-boost|p1a: Alcremie|spa|1\n|-boost|p1a: Alcremie|spd|1\n|\n|-heal|p1a: Alcremie|130/263|[from] item: Leftovers\n|upkeep\n|turn|39\n|\n|t:|1782826145\n|move|p2a: Cryogonal|Haze|p2a: Cryogonal\n|-clearallboost\n|move|p1a: Alcremie|Alluring Voice|p2a: Cryogonal\n|-damage|p2a: Cryogonal|119/287\n|\n|-heal|p1a: Alcremie|146/263|[from] item: Leftovers\n|upkeep\n|turn|40\n|\n|t:|1782826147\n|move|p2a: Cryogonal|Recover|p2a: Cryogonal\n|-heal|p2a: Cryogonal|263/287\n|move|p1a: Alcremie|Recover|p1a: Alcremie\n|-heal|p1a: Alcremie|263/263\n|\n|upkeep\n|turn|41\n|\n|t:|1782826150\n|move|p2a: Cryogonal|Freeze-Dry|p1a: Alcremie\n|-damage|p1a: Alcremie|200/263\n|move|p1a: Alcremie|Calm Mind|p1a: Alcremie\n|-boost|p1a: Alcremie|spa|1\n|-boost|p1a: Alcremie|spd|1\n|\n|-heal|p1a: Alcremie|216/263|[from] item: Leftovers\n|upkeep\n|turn|42\n|\n|t:|1782826153\n|move|p2a: Cryogonal|Haze|p2a: Cryogonal\n|-clearallboost\n|move|p1a: Alcremie|Alluring Voice|p2a: Cryogonal\n|-damage|p2a: Cryogonal|188/287\n|\n|-heal|p1a: Alcremie|232/263|[from] item: Leftovers\n|upkeep\n|turn|43\n|\n|t:|1782826155\n|move|p2a: Cryogonal|Freeze-Dry|p1a: Alcremie\n|-damage|p1a: Alcremie|172/263\n|-status|p1a: Alcremie|frz\n|-curestatus|p1a: Alcremie|frz|[msg]\n|move|p1a: Alcremie|Alluring Voice|p2a: Cryogonal\n|-damage|p2a: Cryogonal|112/287\n|\n|-heal|p1a: Alcremie|188/263|[from] item: Leftovers\n|upkeep\n|turn|44\n|\n|t:|1782826158\n|move|p2a: Cryogonal|Recover|p2a: Cryogonal\n|-heal|p2a: Cryogonal|256/287\n|move|p1a: Alcremie|Calm Mind|p1a: Alcremie\n|-boost|p1a: Alcremie|spa|1\n|-boost|p1a: Alcremie|spd|1\n|\n|-heal|p1a: Alcremie|204/263|[from] item: Leftovers\n|upkeep\n|turn|45\n|\n|t:|1782826160\n|move|p2a: Cryogonal|Haze|p2a: Cryogonal\n|-clearallboost\n|move|p1a: Alcremie|Alluring Voice|p2a: Cryogonal\n|-damage|p2a: Cryogonal|181/287\n|\n|-heal|p1a: Alcremie|220/263|[from] item: Leftovers\n|upkeep\n|turn|46\n|\n|t:|1782826165\n|move|p2a: Cryogonal|Freeze-Dry|p1a: Alcremie\n|-damage|p1a: Alcremie|156/263\n|move|p1a: Alcremie|Calm Mind|p1a: Alcremie\n|-boost|p1a: Alcremie|spa|1\n|-boost|p1a: Alcremie|spd|1\n|\n|-heal|p1a: Alcremie|172/263|[from] item: Leftovers\n|upkeep\n|turn|47\n|\n|t:|1782826169\n|move|p2a: Cryogonal|Haze|p2a: Cryogonal\n|-clearallboost\n|move|p1a: Alcremie|Tera Blast|p2a: Cryogonal\n|-damage|p2a: Cryogonal|133/287\n|\n|-heal|p1a: Alcremie|188/263|[from] item: Leftovers\n|upkeep\n|turn|48\n|\n|t:|1782826171\n|move|p2a: Cryogonal|Recover|p2a: Cryogonal\n|-heal|p2a: Cryogonal|277/287\n|move|p1a: Alcremie|Calm Mind|p1a: Alcremie\n|-boost|p1a: Alcremie|spa|1\n|-boost|p1a: Alcremie|spd|1\n|\n|-heal|p1a: Alcremie|204/263|[from] item: Leftovers\n|upkeep\n|turn|49\n|\n|t:|1782826175\n|move|p2a: Cryogonal|Haze|p2a: Cryogonal\n|-clearallboost\n|move|p1a: Alcremie|Tera Blast|p2a: Cryogonal\n|-damage|p2a: Cryogonal|228/287\n|\n|-heal|p1a: Alcremie|220/263|[from] item: Leftovers\n|upkeep\n|turn|50\n|\n|t:|1782826185\n|move|p2a: Cryogonal|Freeze-Dry|p1a: Alcremie\n|-damage|p1a: Alcremie|163/263\n|move|p1a: Alcremie|Calm Mind|p1a: Alcremie\n|-boost|p1a: Alcremie|spa|1\n|-boost|p1a: Alcremie|spd|1\n|\n|-heal|p1a: Alcremie|179/263|[from] item: Leftovers\n|upkeep\n|turn|51\n|\n|t:|1782826193\n|move|p2a: Cryogonal|Haze|p2a: Cryogonal\n|-clearallboost\n|move|p1a: Alcremie|Alluring Voice|p2a: Cryogonal\n|-damage|p2a: Cryogonal|152/287\n|\n|-heal|p1a: Alcremie|195/263|[from] item: Leftovers\n|upkeep\n|turn|52\n|\n|t:|1782826195\n|move|p2a: Cryogonal|Freeze-Dry|p1a: Alcremie\n|-damage|p1a: Alcremie|129/263\n|move|p1a: Alcremie|Alluring Voice|p2a: Cryogonal\n|-damage|p2a: Cryogonal|74/287\n|\n|-heal|p1a: Alcremie|145/263|[from] item: Leftovers\n|upkeep\n|turn|53\n|\n|t:|1782826201\n|move|p2a: Cryogonal|Recover|p2a: Cryogonal\n|-heal|p2a: Cryogonal|218/287\n|move|p1a: Alcremie|Alluring Voice|p2a: Cryogonal\n|-damage|p2a: Cryogonal|146/287\n|\n|-heal|p1a: Alcremie|161/263|[from] item: Leftovers\n|upkeep\n|turn|54\n|\n|t:|1782826209\n|move|p2a: Cryogonal|Freeze-Dry|p1a: Alcremie\n|-damage|p1a: Alcremie|101/263\n|move|p1a: Alcremie|Alluring Voice|p2a: Cryogonal\n|-damage|p2a: Cryogonal|74/287\n|\n|-heal|p1a: Alcremie|117/263|[from] item: Leftovers\n|upkeep\n|turn|55\n|\n|t:|1782826215\n|move|p2a: Cryogonal|Recover|p2a: Cryogonal\n|-heal|p2a: Cryogonal|218/287\n|move|p1a: Alcremie|Recover|p1a: Alcremie\n|-heal|p1a: Alcremie|249/263\n|\n|-heal|p1a: Alcremie|263/263|[from] item: Leftovers\n|upkeep\n|turn|56\n|\n|t:|1782826221\n|move|p2a: Cryogonal|Freeze-Dry|p1a: Alcremie\n|-damage|p1a: Alcremie|202/263\n|move|p1a: Alcremie|Calm Mind|p1a: Alcremie\n|-boost|p1a: Alcremie|spa|1\n|-boost|p1a: Alcremie|spd|1\n|\n|-heal|p1a: Alcremie|218/263|[from] item: Leftovers\n|upkeep\n|turn|57\n|\n|t:|1782826224\n|move|p2a: Cryogonal|Haze|p2a: Cryogonal\n|-clearallboost\n|move|p1a: Alcremie|Alluring Voice|p2a: Cryogonal\n|-damage|p2a: Cryogonal|143/287\n|\n|-heal|p1a: Alcremie|234/263|[from] item: Leftovers\n|upkeep\n|turn|58\n|\n|t:|1782826227\n|move|p2a: Cryogonal|Freeze-Dry|p1a: Alcremie\n|-damage|p1a: Alcremie|174/263\n|move|p1a: Alcremie|Alluring Voice|p2a: Cryogonal\n|-damage|p2a: Cryogonal|65/287\n|\n|-heal|p1a: Alcremie|190/263|[from] item: Leftovers\n|upkeep\n|turn|59\n|\n|t:|1782826231\n|move|p2a: Cryogonal|Recover|p2a: Cryogonal\n|-heal|p2a: Cryogonal|209/287\n|move|p1a: Alcremie|Calm Mind|p1a: Alcremie\n|-boost|p1a: Alcremie|spa|1\n|-boost|p1a: Alcremie|spd|1\n|\n|-heal|p1a: Alcremie|206/263|[from] item: Leftovers\n|upkeep\n|turn|60\n|\n|t:|1782826241\n|switch|p1a: Cacturne|Cacturne, L92, M|84/278\n|-damage|p1a: Cacturne|50/278|[from] Stealth Rock\n|-damage|p1a: Cacturne|16/278|[from] Spikes\n|move|p2a: Cryogonal|Haze|p2a: Cryogonal\n|-clearallboost\n|\n|upkeep\n|turn|61\n|\n|t:|1782826248\n|switch|p2a: Jumpluff|Jumpluff, L87, F|184/271\n|move|p1a: Cacturne|Knock Off|p2a: Jumpluff\n|-damage|p2a: Jumpluff|54/271\n|-damage|p1a: Cacturne|0 fnt|[from] item: Life Orb\n|faint|p1a: Cacturne\n|\n|upkeep\n|\n|t:|1782826256\n|switch|p1a: Azumarill|Azumarill, L82, M|128/298\n|-damage|p1a: Azumarill|91/298|[from] Stealth Rock\n|-damage|p1a: Azumarill|54/298|[from] Spikes\n|turn|62\n|\n|t:|1782826265\n|move|p2a: Jumpluff|Strength Sap|p1a: Azumarill\n|-unboost|p1a: Azumarill|atk|1\n|-heal|p2a: Jumpluff|183/271\n|move|p1a: Azumarill|Ice Spinner|p2a: Jumpluff\n|-supereffective|p2a: Jumpluff\n|-damage|p2a: Jumpluff|0 fnt\n|faint|p2a: Jumpluff\n|\n|upkeep\n|\n|t:|1782826273\n|switch|p2a: Cryogonal|Cryogonal, L89|209/287\n|turn|63\n|\n|t:|1782826282\n|move|p2a: Cryogonal|Freeze-Dry|p1a: Azumarill\n|-supereffective|p1a: Azumarill\n|-damage|p1a: Azumarill|0 fnt\n|faint|p1a: Azumarill\n|\n|upkeep\n|\n|t:|1782826293\n|switch|p1a: Iron Boulder|Iron Boulder, L77|199/265 slp\n|-damage|p1a: Iron Boulder|166/265 slp|[from] Stealth Rock\n|-damage|p1a: Iron Boulder|133/265 slp|[from] Spikes\n|turn|64\n|\n|t:|1782826314\n|move|p2a: Cryogonal|Freeze-Dry|p1a: Iron Boulder\n|-damage|p1a: Iron Boulder|63/265 slp\n|-curestatus|p1a: Iron Boulder|slp|[msg]\n|move|p1a: Iron Boulder|Mighty Cleave|p2a: Cryogonal\n|-supereffective|p2a: Cryogonal\n|-damage|p2a: Cryogonal|0 fnt\n|faint|p2a: Cryogonal\n|-damage|p1a: Iron Boulder|37/265|[from] item: Life Orb\n|\n|upkeep\n|\n|t:|1782826319\n|switch|p2a: Golem|Golem, L87, F|281/281\n|turn|65\n|\n|t:|1782826327\n|move|p1a: Iron Boulder|Zen Headbutt|p2a: Golem\n|-damage|p2a: Golem|195/281\n|-damage|p1a: Iron Boulder|11/265|[from] item: Life Orb\n|cant|p2a: Golem|flinch\n|\n|upkeep\n|turn|66\n|\n|t:|1782826335\n|-terastallize|p1a: Iron Boulder|Fighting\n|move|p1a: Iron Boulder|Close Combat|p2a: Golem\n|-supereffective|p2a: Golem\n|-damage|p2a: Golem|0 fnt\n|-unboost|p1a: Iron Boulder|def|1\n|-unboost|p1a: Iron Boulder|spd|1\n|faint|p2a: Golem\n|-damage|p1a: Iron Boulder|0 fnt|[from] item: Life Orb\n|faint|p1a: Iron Boulder\n|-end|p1a: Iron Boulder|Quark Drive|[silent]\n|\n|upkeep\n|\n|t:|1782826343\n|switch|p1a: Alcremie|Alcremie, L90, F|206/263\n|switch|p2a: Ting-Lu|Ting-Lu, L78|334/370\n|-damage|p1a: Alcremie|174/263|[from] Stealth Rock\n|-damage|p1a: Alcremie|142/263|[from] Spikes\n|-ability|p2a: Ting-Lu|Vessel of Ruin\n|turn|67\n|\n|t:|1782826353\n|-terastallize|p2a: Ting-Lu|Ghost\n|move|p1a: Alcremie|Recover|p1a: Alcremie\n|-heal|p1a: Alcremie|263/263\n|move|p2a: Ting-Lu|Earthquake|p1a: Alcremie\n|-damage|p1a: Alcremie|145/263\n|\n|-heal|p1a: Alcremie|161/263|[from] item: Leftovers\n|upkeep\n|turn|68\n|\n|t:|1782826362\n|move|p1a: Alcremie|Calm Mind|p1a: Alcremie\n|-boost|p1a: Alcremie|spa|1\n|-boost|p1a: Alcremie|spd|1\n|move|p2a: Ting-Lu|Earthquake|p1a: Alcremie\n|-damage|p1a: Alcremie|47/263\n|\n|-heal|p1a: Alcremie|63/263|[from] item: Leftovers\n|upkeep\n|turn|69\n|\n|t:|1782826364\n|move|p1a: Alcremie|Recover|p1a: Alcremie\n|-heal|p1a: Alcremie|195/263\n|move|p2a: Ting-Lu|Throat Chop|p1a: Alcremie\n|-resisted|p1a: Alcremie\n|-damage|p1a: Alcremie|153/263\n|-start|p1a: Alcremie|Throat Chop|[silent]\n|\n|-heal|p1a: Alcremie|169/263|[from] item: Leftovers\n|upkeep\n|turn|70\n|\n|t:|1782826370\n|move|p1a: Alcremie|Calm Mind|p1a: Alcremie\n|-boost|p1a: Alcremie|spa|1\n|-boost|p1a: Alcremie|spd|1\n|move|p2a: Ting-Lu|Earthquake|p1a: Alcremie\n|-damage|p1a: Alcremie|52/263\n|\n|-heal|p1a: Alcremie|68/263|[from] item: Leftovers\n|-end|p1a: Alcremie|Throat Chop|[silent]\n|upkeep\n|turn|71\n|\n|t:|1782826376\n|move|p1a: Alcremie|Recover|p1a: Alcremie\n|-heal|p1a: Alcremie|200/263\n|move|p2a: Ting-Lu|Earthquake|p1a: Alcremie\n|-damage|p1a: Alcremie|88/263\n|\n|-heal|p1a: Alcremie|104/263|[from] item: Leftovers\n|upkeep\n|turn|72\n|\n|t:|1782826378\n|move|p1a: Alcremie|Recover|p1a: Alcremie\n|-heal|p1a: Alcremie|236/263\n|move|p2a: Ting-Lu|Earthquake|p1a: Alcremie\n|-damage|p1a: Alcremie|121/263\n|\n|-heal|p1a: Alcremie|137/263|[from] item: Leftovers\n|upkeep\n|turn|73\n|\n|t:|1782826382\n|move|p1a: Alcremie|Alluring Voice|p2a: Ting-Lu\n|-damage|p2a: Ting-Lu|145/370\n|move|p2a: Ting-Lu|Throat Chop|p1a: Alcremie\n|-resisted|p1a: Alcremie\n|-damage|p1a: Alcremie|95/263\n|-start|p1a: Alcremie|Throat Chop|[silent]\n|\n|-heal|p1a: Alcremie|111/263|[from] item: Leftovers\n|upkeep\n|turn|74\n|\n|t:|1782826387\n|move|p1a: Alcremie|Recover|p1a: Alcremie\n|-heal|p1a: Alcremie|243/263\n|move|p2a: Ting-Lu|Earthquake|p1a: Alcremie\n|-damage|p1a: Alcremie|140/263\n|\n|-heal|p1a: Alcremie|156/263|[from] item: Leftovers\n|-end|p1a: Alcremie|Throat Chop|[silent]\n|upkeep\n|turn|75\n|\n|t:|1782826392\n|move|p1a: Alcremie|Alluring Voice|p2a: Ting-Lu\n|-damage|p2a: Ting-Lu|0 fnt\n|faint|p2a: Ting-Lu\n|\n|-heal|p1a: Alcremie|172/263|[from] item: Leftovers\n|upkeep\n|\n|t:|1782826393\n|switch|p2a: Alomomola|Alomomola, L87, F|268/429\n|turn|76\n|c|\u2606trenchwarrior|Damn managed to lose unlosable stall match\n|\n|t:|1782826409\n|move|p1a: Alcremie|Alluring Voice|p2a: Alomomola\n|-damage|p2a: Alomomola|0 fnt\n|faint|p2a: Alomomola\n|\n|win|trenchwarrior\n", "inputlog": ">version f8ac14003a5f27e1bdc8d8c59608a773c1cb96e5\n>start {\"formatid\":\"gen9randombattle\",\"seed\":\"sodium,691e1178d066c024ef229c4c79c98722\",\"rated\":\"Rated battle\"}\n>player p1 {\"name\":\"trenchwarrior\",\"avatar\":\"byron\",\"rating\":2227,\"seed\":\"sodium,60c5da6c281c033d50e850c09a963e0d\"}\n>player p2 {\"name\":\"StigmaX\",\"avatar\":\"1\",\"rating\":2201,\"seed\":\"sodium,f76adcddfda7fbcbbc443e014254337b\"}\n>p1 move alluringvoice\n>p2 switch 2\n>p1 switch 6\n>p2 move gunkshot\n>p1 move knockoff\n>p2 switch 3\n>p1 switch 5\n>p2 move stealthrock\n>p1 move closecombat\n>p2 switch 3\n>p1 move knockoff\n>p2 move poltergeist\n>p2 switch 6\n>p1 switch 3\n>p2 move scald\n>p1 move swordsdance\n>p2 switch 5\n>p1 switch 3\n>p2 move encore\n>p1 switch 6\n>p1 move calmmind\n>p2 switch 4\n>p1 move calmmind\n>p2 move haze\n>p1 switch 5\n>p2 move haze\n>p1 move knockoff\n>p2 switch 3\n>p1 move earthquake\n>p2 move spikes\n>p1 move earthquake\n>p2 move earthquake\n>p1 move earthquake\n>p2 switch 5\n>p1 move knockoff\n>p2 move wish\n>p1 move dragontail\n>p2 switch 5\n>p1 move stoneedge\n>p2 switch 5\n>p1 move earthquake\n>p2 move wish\n>p1 move dragontail\n>p2 move flipturn\n>p2 switch 4\n>p1 switch 2\n>p1 move playrough\n>p2 switch 4\n>p1 move playrough\n>p2 move protect\n>p1 move playrough\n>p2 switch 5\n>p1 move playrough\n>p2 move sleeppowder\n>p1 move playrough\n>p2 move acrobatics\n>p1 move playrough\n>p2 move strengthsap\n>p1 switch 5\n>p2 move strengthsap\n>p1 switch 4\n>p2 move sleeppowder\n>p1 move mightycleave\n>p2 move sleeppowder\n>p1 move swordsdance\n>p2 move strengthsap\n>p1 move swordsdance\n>p2 switch 4\n>p1 switch 3\n>p2 move earthquake\n>p1 move knockoff\n>p2 switch 4\n>p1 switch 4\n>p2 move strengthsap\n>p1 move calmmind\n>p2 switch 3\n>p1 move alluringvoice\n>p2 move haze\n>p1 move calmmind\n>p2 move freezedry\n>p1 move alluringvoice\n>p2 move haze\n>p1 move recover\n>p2 move recover\n>p1 move calmmind\n>p2 move freezedry\n>p1 move alluringvoice\n>p2 move haze\n>p1 move alluringvoice\n>p2 move freezedry\n>p1 move calmmind\n>p2 move recover\n>p1 move alluringvoice\n>p2 move haze\n>p1 move calmmind\n>p2 move freezedry\n>p1 move terablast\n>p2 move haze\n>p1 move calmmind\n>p2 move recover\n>p1 move terablast\n>p2 move haze\n>p1 move calmmind\n>p2 move freezedry\n>p1 move alluringvoice\n>p2 move haze\n>p1 move alluringvoice\n>p2 move freezedry\n>p1 move alluringvoice\n>p2 move recover\n>p1 move alluringvoice\n>p2 move freezedry\n>p1 move recover\n>p2 move recover\n>p1 move calmmind\n>p2 move freezedry\n>p1 move alluringvoice\n>p2 move haze\n>p1 move alluringvoice\n>p2 move freezedry\n>p1 move calmmind\n>p2 move recover\n>p1 switch 4\n>p2 move haze\n>p1 move knockoff\n>p2 switch 3\n>p1 switch 5\n>p1 move icespinner\n>p2 move strengthsap\n>p2 switch 3\n>p1 move icespinner\n>p2 move freezedry\n>p1 switch 3\n>p1 move mightycleave\n>p2 move freezedry\n>p2 switch 2\n>p1 move zenheadbutt\n>p2 move rockpolish\n>p1 move closecombat terastallize\n>p2 move rockpolish\n>p1 switch 4\n>p2 switch 4\n>p1 move recover\n>p2 move earthquake terastallize\n>p1 move calmmind\n>p2 move earthquake\n>p1 move recover\n>p2 move throatchop\n>p1 move calmmind\n>p2 move earthquake\n>p1 move recover\n>p2 move earthquake\n>p1 move recover\n>p2 move earthquake\n>p1 move alluringvoice\n>p2 move throatchop\n>p1 move recover\n>p2 move earthquake\n>p1 move alluringvoice\n>p2 move earthquake\n>p2 switch 5\n>chat \u2606trenchwarrior|Damn managed to lose unlosable stall match\n>p1 move alluringvoice\n>p2 move flipturn", "uploadtime": 1782825787, "views": 3, "formatid": "gen9randombattle", "rating": null, "private": 0, "password": null, "player_dets": [{"name": "trenchwarrior", "avatar": "byron", "rating": 2227, "seed": "sodium,60c5da6c281c033d50e850c09a963e0d"}, {"name": "StigmaX", "avatar": "1", "rating": 2201, "seed": "sodium,f76adcddfda7fbcbbc443e014254337b"}], "teams_full": [{"Alcremie": {"name": "Alcremie", "species": "Alcremie", "speciesId": "alcremie", "gender": "F", "shiny": false, "level": 90, "moves": ["recover", "terablast", "alluringvoice", "calmmind"], "ability": "Aroma Veil", "evs": {"hp": 85, "atk": 0, "def": 85, "spa": 85, "spd": 85, "spe": 85}, "ivs": {"hp": 31, "atk": 0, "def": 31, "spa": 31, "spd": 31, "spe": 31}, "item": "Leftovers", "teraType": "Ground", "role": "Tera Blast user", "bvs": {"hp": 65, "atk": 60, "def": 75, "spa": 110, "spd": 121, "spe": 64}, "stats": {"hp": 263, "atk": 113, "def": 186, "spa": 249, "spd": 269, "spe": 167}, "types": ["Fairy"]}, "Azumarill": {"name": "Azumarill", "species": "Azumarill", "speciesId": "azumarill", "gender": "M", "shiny": false, "level": 82, "moves": ["icespinner", "playrough", "aquajet", "liquidation"], "ability": "Huge Power", "evs": {"hp": 85, "atk": 85, "def": 85, "spa": 85, "spd": 85, "spe": 85}, "ivs": {"hp": 31, "atk": 31, "def": 31, "spa": 31, "spd": 31, "spe": 31}, "item": "Choice Band", "teraType": "Water", "role": "Bulky Attacker", "bvs": {"hp": 100, "atk": 50, "def": 80, "spa": 60, "spd": 80, "spe": 50}, "stats": {"hp": 298, "atk": 129, "def": 178, "spa": 146, "spd": 178, "spe": 129}, "types": ["Water", "Fairy"]}, "Cacturne": {"name": "Cacturne", "species": "Cacturne", "speciesId": "cacturne", "gender": "M", "shiny": false, "level": 92, "moves": ["seedbomb", "suckerpunch", "knockoff", "swordsdance"], "ability": "Water Absorb", "evs": {"hp": 85, "atk": 85, "def": 85, "spa": 85, "spd": 85, "spe": 85}, "ivs": {"hp": 31, "atk": 31, "def": 31, "spa": 31, "spd": 31, "spe": 31}, "item": "Life Orb", "teraType": "Dark", "role": "Setup Sweeper", "bvs": {"hp": 70, "atk": 115, "def": 60, "spa": 115, "spd": 60, "spe": 55}, "stats": {"hp": 278, "atk": 264, "def": 163, "spa": 264, "spd": 163, "spe": 154}, "types": ["Grass", "Dark"]}, "Iron Boulder": {"name": "Iron Boulder", "species": "Iron Boulder", "speciesId": "ironboulder", "gender": "N", "shiny": false, "level": 77, "moves": ["mightycleave", "closecombat", "swordsdance", "zenheadbutt"], "ability": "Quark Drive", "evs": {"hp": 85, "atk": 85, "def": 85, "spa": 85, "spd": 85, "spe": 85}, "ivs": {"hp": 31, "atk": 31, "def": 31, "spa": 31, "spd": 31, "spe": 31}, "item": "Life Orb", "teraType": "Fighting", "role": "Setup Sweeper", "bvs": {"hp": 90, "atk": 120, "def": 80, "spa": 68, "spd": 108, "spe": 124}, "stats": {"hp": 265, "atk": 229, "def": 168, "spa": 149, "spd": 211, "spe": 236}, "types": ["Rock", "Psychic"]}, "Hariyama": {"name": "Hariyama", "species": "Hariyama", "speciesId": "hariyama", "gender": "F", "shiny": false, "level": 87, "moves": ["facade", "fakeout", "closecombat", "knockoff"], "ability": "Guts", "evs": {"hp": 85, "atk": 85, "def": 85, "spa": 85, "spd": 85, "spe": 85}, "ivs": {"hp": 31, "atk": 31, "def": 31, "spa": 31, "spd": 31, "spe": 31}, "item": "Flame Orb", "teraType": "Normal", "role": "Wallbreaker", "bvs": {"hp": 144, "atk": 120, "def": 60, "spa": 40, "spd": 60, "spe": 50}, "stats": {"hp": 392, "atk": 259, "def": 154, "spa": 119, "spd": 154, "spe": 137}, "types": ["Fighting"]}, "Tyranitar": {"name": "Tyranitar", "species": "Tyranitar", "speciesId": "tyranitar", "gender": "M", "shiny": false, "level": 78, "moves": ["stoneedge", "dragontail", "knockoff", "earthquake"], "ability": "Sand Stream", "evs": {"hp": 85, "atk": 85, "def": 85, "spa": 85, "spd": 85, "spe": 85}, "ivs": {"hp": 31, "atk": 31, "def": 31, "spa": 31, "spd": 31, "spe": 31}, "item": "Assault Vest", "teraType": "Ghost", "role": "Bulky Support", "bvs": {"hp": 100, "atk": 134, "def": 110, "spa": 95, "spd": 100, "spe": 61}, "stats": {"hp": 284, "atk": 254, "def": 217, "spa": 193, "spd": 201, "spe": 140}, "types": ["Rock", "Dark"]}}, {"Golem": {"name": "Golem", "species": "Golem", "speciesId": "golem", "gender": "F", "shiny": false, "level": 87, "moves": ["earthquake", "stoneedge", "rockpolish", "explosion"], "ability": "Sturdy", "evs": {"hp": 85, "atk": 85, "def": 85, "spa": 85, "spd": 85, "spe": 85}, "ivs": {"hp": 31, "atk": 31, "def": 31, "spa": 31, "spd": 31, "spe": 31}, "item": "Weakness Policy", "teraType": "Ground", "role": "Bulky Attacker", "bvs": {"hp": 80, "atk": 120, "def": 130, "spa": 55, "spd": 65, "spe": 45}, "stats": {"hp": 281, "atk": 259, "def": 276, "spa": 145, "spd": 163, "spe": 128}, "types": ["Rock", "Ground"]}, "Banette": {"name": "Banette", "species": "Banette", "speciesId": "banette", "gender": "M", "shiny": false, "level": 93, "moves": ["swordsdance", "gunkshot", "shadowsneak", "poltergeist"], "ability": "Insomnia", "evs": {"hp": 85, "atk": 85, "def": 85, "spa": 85, "spd": 85, "spe": 85}, "ivs": {"hp": 31, "atk": 31, "def": 31, "spa": 31, "spd": 31, "spe": 31}, "item": "Life Orb", "teraType": "Poison", "role": "Wallbreaker", "bvs": {"hp": 64, "atk": 115, "def": 65, "spa": 83, "spd": 63, "spe": 65}, "stats": {"hp": 270, "atk": 267, "def": 174, "spa": 207, "spd": 170, "spe": 174}, "types": ["Ghost"]}, "Ting-Lu": {"name": "Ting-Lu", "species": "Ting-Lu", "speciesId": "tinglu", "gender": "N", "shiny": false, "level": 78, "moves": ["earthquake", "spikes", "throatchop", "stealthrock"], "ability": "Vessel of Ruin", "evs": {"hp": 85, "atk": 85, "def": 85, "spa": 85, "spd": 85, "spe": 85}, "ivs": {"hp": 31, "atk": 31, "def": 31, "spa": 31, "spd": 31, "spe": 31}, "item": "Leftovers", "teraType": "Ghost", "role": "Bulky Support", "bvs": {"hp": 155, "atk": 110, "def": 125, "spa": 55, "spd": 80, "spe": 45}, "stats": {"hp": 370, "atk": 217, "def": 240, "spa": 131, "spd": 170, "spe": 115}, "types": ["Dark", "Ground"]}, "Cryogonal": {"name": "Cryogonal", "species": "Cryogonal", "speciesId": "cryogonal", "gender": "N", "shiny": false, "level": 89, "moves": ["freezedry", "haze", "rapidspin", "recover"], "ability": "Levitate", "evs": {"hp": 85, "atk": 85, "def": 85, "spa": 85, "spd": 85, "spe": 85}, "ivs": {"hp": 31, "atk": 31, "def": 31, "spa": 31, "spd": 31, "spe": 31}, "item": "Heavy-Duty Boots", "teraType": "Steel", "role": "Bulky Support", "bvs": {"hp": 80, "atk": 50, "def": 50, "spa": 95, "spd": 135, "spe": 105}, "stats": {"hp": 287, "atk": 140, "def": 140, "spa": 220, "spd": 291, "spe": 238}, "types": ["Ice"]}, "Jumpluff": {"name": "Jumpluff", "species": "Jumpluff", "speciesId": "jumpluff", "gender": "F", "shiny": false, "level": 87, "moves": ["encore", "acrobatics", "sleeppowder", "strengthsap"], "ability": "Infiltrator", "evs": {"hp": 81, "atk": 85, "def": 85, "spa": 85, "spd": 85, "spe": 85}, "ivs": {"hp": 31, "atk": 31, "def": 31, "spa": 31, "spd": 31, "spe": 31}, "item": "", "teraType": "Steel", "role": "Bulky Attacker", "bvs": {"hp": 75, "atk": 55, "def": 70, "spa": 55, "spd": 95, "spe": 110}, "stats": {"hp": 271, "atk": 145, "def": 172, "spa": 145, "spd": 215, "spe": 241}, "types": ["Grass", "Flying"]}, "Alomomola": {"name": "Alomomola", "species": "Alomomola", "speciesId": "alomomola", "gender": "F", "shiny": false, "level": 87, "moves": ["flipturn", "wish", "protect", "scald"], "ability": "Regenerator", "evs": {"hp": 85, "atk": 85, "def": 85, "spa": 85, "spd": 85, "spe": 85}, "ivs": {"hp": 31, "atk": 31, "def": 31, "spa": 31, "spd": 31, "spe": 31}, "item": "Leftovers", "teraType": "Poison", "role": "Bulky Support", "bvs": {"hp": 165, "atk": 75, "def": 80, "spa": 40, "spd": 45, "spe": 65}, "stats": {"hp": 429, "atk": 180, "def": 189, "spa": 119, "spd": 128, "spe": 163}, "types": ["Water"]}}]}