{"id": "gen9randombattle-2641156807", "format": "[Gen 9] Random Battle", "players": ["thfighter", "velvet"], "log": "|badge|p2|silver|gen9randombattle|30-9\n|html|<div class=\"broadcast-red\"><strong>This battle is required to be public due to one or more player having a season medal.</strong><br />During the public phase, you can discuss the state of the ladder <a href=\"/seasondiscussion\">in a special chatroom.</a></div>\n|uhtml|medal-msg|<div class=\"broadcast-blue\">Curious what those medals under the avatar are? PS now has Ladder Seasons! For more information, check out the <a href=\"https://www.smogon.com/forums/threads/3740067/\">thread on Smogon.</a></div>\n|raw|<div class=\"broadcast-blue\"><strong>This battle is required to be public due to a player having a name starting with 'medal'.</div>\n|j|\u2606thfighter\n|j|\u2606velvet\n|t:|1782747524\n|gametype|singles\n|player|p1|thfighter|brock|2191\n|player|p2|velvet|winona-gen3|2380\n|gen|9\n|tier|[Gen 9] Random Battle\n|rated|\n|rule|Species Clause: Limit one of each Pok\u00e9mon\n|rule|HP Percentage Mod: HP is shown in percentages\n|rule|Sleep Clause Mod: Limit one foe put to sleep\n|rule|Illusion Level Mod: Illusion disguises the Pok\u00e9mon's true level\n|\n|t:|1782747524\n|teamsize|p1|6\n|teamsize|p2|6\n|start\n|switch|p1a: Lucario|Lucario, L84, M|255/255\n|switch|p2a: Tyranitar|Tyranitar, L78, F|284/284\n|-weather|Sandstorm|[from] ability: Sand Stream|[of] p2a: Tyranitar\n|turn|1\n|inactive|Battle timer is ON: inactive players will automatically lose when time's up. (requested by thfighter)\n|inactive|velvet has 120 seconds left.\n|\n|t:|1782747581\n|switch|p2a: Sneasler|Sneasler, L74, M|240/240\n|move|p1a: Lucario|Nasty Plot|p1a: Lucario\n|-boost|p1a: Lucario|spa|2\n|\n|-weather|Sandstorm|[upkeep]\n|-damage|p2a: Sneasler|225/240|[from] Sandstorm\n|upkeep\n|turn|2\n|inactive|velvet has 120 seconds left.\n|inactive|velvet has 90 seconds left.\n|\n|t:|1782747647\n|switch|p1a: Lunala|Lunala, L70|308/308\n|move|p2a: Sneasler|Close Combat|p1a: Lunala\n|-immune|p1a: Lunala\n|\n|-weather|Sandstorm|[upkeep]\n|-damage|p2a: Sneasler|210/240|[from] Sandstorm\n|-damage|p1a: Lunala|289/308|[from] Sandstorm\n|-heal|p1a: Lunala|308/308|[from] item: Leftovers\n|upkeep\n|turn|3\n|\n|t:|1782747656\n|switch|p2a: Mienshao|Mienshao, L83, M|244/244\n|switch|p1a: Leafeon|Leafeon, L88, F|258/258\n|\n|-weather|Sandstorm|[upkeep]\n|-damage|p2a: Mienshao|229/244|[from] Sandstorm\n|-damage|p1a: Leafeon|242/258|[from] Sandstorm\n|-heal|p1a: Leafeon|258/258|[from] item: Leftovers\n|upkeep\n|turn|4\n|\n|t:|1782747667\n|move|p2a: Mienshao|Fake Out|p1a: Leafeon\n|-damage|p1a: Leafeon|233/258\n|cant|p1a: Leafeon|flinch\n|\n|-weather|Sandstorm|[upkeep]\n|-damage|p2a: Mienshao|214/244|[from] Sandstorm\n|-damage|p1a: Leafeon|217/258|[from] Sandstorm\n|-heal|p1a: Leafeon|233/258|[from] item: Leftovers\n|upkeep\n|turn|5\n|\n|t:|1782747674\n|move|p2a: Mienshao|Knock Off|p1a: Leafeon\n|-damage|p1a: Leafeon|173/258\n|-enditem|p1a: Leafeon|Leftovers|[from] move: Knock Off|[of] p2a: Mienshao\n|move|p1a: Leafeon|Double-Edge|p2a: Mienshao\n|-damage|p2a: Mienshao|76/244\n|-damage|p1a: Leafeon|127/258|[from] Recoil\n|\n|-weather|none\n|upkeep\n|turn|6\n|\n|t:|1782747681\n|move|p2a: Mienshao|U-turn|p1a: Leafeon\n|-supereffective|p1a: Leafeon\n|-damage|p1a: Leafeon|37/258\n|\n|t:|1782747687\n|switch|p2a: Sneasler|Sneasler, L74, M|210/240|[from] U-turn\n|move|p1a: Leafeon|Leaf Blade|p2a: Sneasler\n|-resisted|p2a: Sneasler\n|-damage|p2a: Sneasler|118/240\n|\n|upkeep\n|turn|7\n|\n|t:|1782747695\n|switch|p1a: Hippowdon|Hippowdon, L82, M|311/311\n|-weather|Sandstorm|[from] ability: Sand Stream|[of] p1a: Hippowdon\n|move|p2a: Sneasler|U-turn|p1a: Hippowdon\n|-damage|p1a: Hippowdon|254/311\n|inactive|velvet has 120 seconds left.\n|\n|t:|1782747734\n|switch|p2a: Entei|Entei, L78|307/307|[from] U-turn\n|\n|-weather|Sandstorm|[upkeep]\n|-damage|p2a: Entei|288/307|[from] Sandstorm\n|-heal|p1a: Hippowdon|273/311|[from] item: Leftovers\n|upkeep\n|turn|8\n|\n|t:|1782747746\n|move|p2a: Entei|Sacred Fire|p1a: Hippowdon\n|-damage|p1a: Hippowdon|141/311\n|move|p1a: Hippowdon|Stealth Rock|p2a: Entei\n|-sidestart|p2: velvet|move: Stealth Rock\n|\n|-weather|Sandstorm|[upkeep]\n|-damage|p2a: Entei|269/307|[from] Sandstorm\n|-heal|p1a: Hippowdon|160/311|[from] item: Leftovers\n|upkeep\n|turn|9\n|\n|t:|1782747750\n|move|p2a: Entei|Sacred Fire|p1a: Hippowdon\n|-damage|p1a: Hippowdon|27/311\n|-status|p1a: Hippowdon|brn\n|move|p1a: Hippowdon|Slack Off|p1a: Hippowdon\n|-heal|p1a: Hippowdon|183/311 brn\n|\n|-weather|Sandstorm|[upkeep]\n|-damage|p2a: Entei|250/307|[from] Sandstorm\n|-heal|p1a: Hippowdon|202/311 brn|[from] item: Leftovers\n|-damage|p1a: Hippowdon|183/311 brn|[from] brn\n|upkeep\n|turn|10\n|\n|t:|1782747753\n|move|p2a: Entei|Sacred Fire|p1a: Hippowdon\n|-damage|p1a: Hippowdon|56/311 brn\n|move|p1a: Hippowdon|Slack Off|p1a: Hippowdon\n|-heal|p1a: Hippowdon|212/311 brn\n|\n|-weather|Sandstorm|[upkeep]\n|-damage|p2a: Entei|231/307|[from] Sandstorm\n|-heal|p1a: Hippowdon|231/311 brn|[from] item: Leftovers\n|-damage|p1a: Hippowdon|212/311 brn|[from] brn\n|upkeep\n|turn|11\n|\n|t:|1782747756\n|move|p2a: Entei|Sacred Fire|p1a: Hippowdon\n|-damage|p1a: Hippowdon|83/311 brn\n|move|p1a: Hippowdon|Slack Off|p1a: Hippowdon\n|-heal|p1a: Hippowdon|239/311 brn\n|\n|-weather|none\n|-heal|p1a: Hippowdon|258/311 brn|[from] item: Leftovers\n|-damage|p1a: Hippowdon|239/311 brn|[from] brn\n|upkeep\n|turn|12\n|\n|t:|1782747758\n|move|p2a: Entei|Sacred Fire|p1a: Hippowdon\n|-damage|p1a: Hippowdon|110/311 brn\n|move|p1a: Hippowdon|Slack Off|p1a: Hippowdon\n|-heal|p1a: Hippowdon|266/311 brn\n|\n|-heal|p1a: Hippowdon|285/311 brn|[from] item: Leftovers\n|-damage|p1a: Hippowdon|266/311 brn|[from] brn\n|upkeep\n|turn|13\n|\n|t:|1782747763\n|switch|p2a: Squawkabilly|Squawkabilly-White, L89, F|291/291\n|move|p1a: Hippowdon|Slack Off|p1a: Hippowdon\n|-heal|p1a: Hippowdon|311/311 brn\n|\n|-damage|p1a: Hippowdon|292/311 brn|[from] brn\n|upkeep\n|turn|14\n|\n|t:|1782747770\n|switch|p1a: Leafeon|Leafeon, L88, F|37/258\n|move|p2a: Squawkabilly|Brave Bird|p1a: Leafeon\n|-supereffective|p1a: Leafeon\n|-damage|p1a: Leafeon|0 fnt\n|faint|p1a: Leafeon\n|-damage|p2a: Squawkabilly|279/291|[from] Recoil\n|\n|upkeep\n|\n|t:|1782747784\n|switch|p1a: Sableye|Sableye, L88, M|231/231\n|turn|15\n|\n|t:|1782747788\n|switch|p2a: Tyranitar|Tyranitar, L78, F|284/284\n|-damage|p2a: Tyranitar|249/284|[from] Stealth Rock\n|-weather|Sandstorm|[from] ability: Sand Stream|[of] p2a: Tyranitar\n|move|p1a: Sableye|Will-O-Wisp|p2a: Tyranitar\n|-hint|Since gen 7, Dark is immune to Prankster moves.\n|-immune|p2a: Tyranitar\n|\n|-weather|Sandstorm|[upkeep]\n|-damage|p1a: Sableye|217/231|[from] Sandstorm\n|-heal|p1a: Sableye|231/231|[from] item: Leftovers\n|upkeep\n|turn|16\n|\n|t:|1782747792\n|switch|p1a: Hippowdon|Hippowdon, L82, M|292/311 brn\n|move|p2a: Tyranitar|Knock Off|p1a: Hippowdon\n|-damage|p1a: Hippowdon|196/311 brn\n|-enditem|p1a: Hippowdon|Leftovers|[from] move: Knock Off|[of] p2a: Tyranitar\n|\n|-weather|Sandstorm|[upkeep]\n|-damage|p1a: Hippowdon|177/311 brn|[from] brn\n|upkeep\n|turn|17\n|\n|t:|1782747796\n|move|p2a: Tyranitar|Dragon Dance|p2a: Tyranitar\n|-boost|p2a: Tyranitar|atk|1\n|-boost|p2a: Tyranitar|spe|1\n|move|p1a: Hippowdon|Slack Off|p1a: Hippowdon\n|-heal|p1a: Hippowdon|311/311 brn\n|\n|-weather|Sandstorm|[upkeep]\n|-damage|p1a: Hippowdon|292/311 brn|[from] brn\n|upkeep\n|turn|18\n|\n|t:|1782747800\n|move|p2a: Tyranitar|Ice Punch|p1a: Hippowdon\n|-supereffective|p1a: Hippowdon\n|-damage|p1a: Hippowdon|146/311 brn\n|move|p1a: Hippowdon|Earthquake|p2a: Tyranitar\n|-supereffective|p2a: Tyranitar\n|-damage|p2a: Tyranitar|150/284\n|-enditem|p2a: Tyranitar|Weakness Policy\n|-boost|p2a: Tyranitar|atk|2|[from] item: Weakness Policy\n|-boost|p2a: Tyranitar|spa|2|[from] item: Weakness Policy\n|\n|-weather|Sandstorm|[upkeep]\n|-damage|p1a: Hippowdon|127/311 brn|[from] brn\n|upkeep\n|turn|19\n|\n|t:|1782747804\n|move|p2a: Tyranitar|Ice Punch|p1a: Hippowdon\n|-supereffective|p1a: Hippowdon\n|-damage|p1a: Hippowdon|0 fnt\n|faint|p1a: Hippowdon\n|\n|-weather|none\n|upkeep\n|\n|t:|1782747808\n|switch|p1a: Clefable|Clefable, L83, M|293/293\n|turn|20\n|\n|t:|1782747812\n|move|p2a: Tyranitar|Stone Edge|p1a: Clefable\n|-crit|p1a: Clefable\n|-damage|p1a: Clefable|101/293\n|move|p1a: Clefable|Moonblast|p2a: Tyranitar\n|-supereffective|p2a: Tyranitar\n|-damage|p2a: Tyranitar|0 fnt\n|faint|p2a: Tyranitar\n|\n|-heal|p1a: Clefable|119/293|[from] item: Leftovers\n|upkeep\n|\n|t:|1782747815\n|switch|p2a: Squawkabilly|Squawkabilly-White, L89, F|279/291\n|turn|21\n|\n|t:|1782747817\n|move|p2a: Squawkabilly|Brave Bird|p1a: Clefable|[miss]\n|-miss|p2a: Squawkabilly|p1a: Clefable\n|move|p1a: Clefable|Moonblast|p2a: Squawkabilly\n|-damage|p2a: Squawkabilly|146/291\n|-unboost|p2a: Squawkabilly|spa|1\n|\n|-heal|p1a: Clefable|137/293|[from] item: Leftovers\n|upkeep\n|turn|22\n|\n|t:|1782747821\n|move|p2a: Squawkabilly|Brave Bird|p1a: Clefable\n|-damage|p1a: Clefable|0 fnt\n|faint|p1a: Clefable\n|-damage|p2a: Squawkabilly|101/291|[from] Recoil\n|\n|upkeep\n|\n|t:|1782747826\n|switch|p1a: Sableye|Sableye, L88, M|231/231\n|turn|23\n|\n|t:|1782747829\n|switch|p2a: Entei|Entei, L78|231/307\n|-damage|p2a: Entei|155/307|[from] Stealth Rock\n|move|p1a: Sableye|Knock Off|p2a: Entei\n|-damage|p2a: Entei|49/307\n|-enditem|p2a: Entei|Choice Band|[from] move: Knock Off|[of] p1a: Sableye\n|\n|upkeep\n|turn|24\n|\n|t:|1782747834\n|switch|p1a: Lunala|Lunala, L70|308/308\n|move|p2a: Entei|Sacred Fire|p1a: Lunala\n|-damage|p1a: Lunala|250/308\n|-status|p1a: Lunala|brn\n|\n|-heal|p1a: Lunala|269/308 brn|[from] item: Leftovers\n|-damage|p1a: Lunala|250/308 brn|[from] brn\n|upkeep\n|turn|25\n|\n|t:|1782747845\n|move|p2a: Entei|Flare Blitz|p1a: Lunala\n|-damage|p1a: Lunala|93/308 brn\n|-damage|p2a: Entei|0 fnt|[from] Recoil\n|faint|p2a: Entei\n|move|p1a: Lunala|Moonlight|p1a: Lunala\n|-heal|p1a: Lunala|247/308 brn\n|\n|-heal|p1a: Lunala|266/308 brn|[from] item: Leftovers\n|-damage|p1a: Lunala|247/308 brn|[from] brn\n|upkeep\n|\n|t:|1782747848\n|switch|p2a: Mienshao|Mienshao, L83, M|157/244\n|-damage|p2a: Mienshao|142/244|[from] Stealth Rock\n|turn|26\n|\n|t:|1782747853\n|switch|p1a: Lucario|Lucario, L84, M|255/255\n|move|p2a: Mienshao|Knock Off|p1a: Lucario\n|-resisted|p1a: Lucario\n|-damage|p1a: Lucario|208/255\n|-enditem|p1a: Lucario|Life Orb|[from] move: Knock Off|[of] p2a: Mienshao\n|\n|upkeep\n|turn|27\n|\n|t:|1782747858\n|switch|p1a: Sableye|Sableye, L88, M|231/231\n|move|p2a: Mienshao|Knock Off|p1a: Sableye\n|-damage|p1a: Sableye|138/231\n|-enditem|p1a: Sableye|Leftovers|[from] move: Knock Off|[of] p2a: Mienshao\n|\n|upkeep\n|turn|28\n|\n|t:|1782747861\n|move|p1a: Sableye|Recover|p1a: Sableye\n|-heal|p1a: Sableye|231/231\n|move|p2a: Mienshao|U-turn|p1a: Sableye\n|-damage|p1a: Sableye|166/231\n|\n|t:|1782747864\n|switch|p2a: Squawkabilly|Squawkabilly-White, L89, F|101/291|[from] U-turn\n|\n|upkeep\n|turn|29\n|\n|t:|1782747869\n|-terastallize|p2a: Squawkabilly|Flying\n|move|p1a: Sableye|Will-O-Wisp|p2a: Squawkabilly\n|-status|p2a: Squawkabilly|brn\n|move|p2a: Squawkabilly|Brave Bird|p1a: Sableye\n|-damage|p1a: Sableye|25/231\n|-damage|p2a: Squawkabilly|54/291 brn|[from] Recoil\n|\n|-damage|p2a: Squawkabilly|36/291 brn|[from] brn\n|upkeep\n|turn|30\n|\n|t:|1782747880\n|switch|p1a: Lunala|Lunala, L70|247/308 brn\n|move|p2a: Squawkabilly|Brave Bird|p1a: Lunala|[miss]\n|-miss|p2a: Squawkabilly|p1a: Lunala\n|\n|-heal|p1a: Lunala|266/308 brn|[from] item: Leftovers\n|-damage|p2a: Squawkabilly|18/291 brn|[from] brn\n|-damage|p1a: Lunala|247/308 brn|[from] brn\n|upkeep\n|turn|31\n|\n|t:|1782747882\n|move|p2a: Squawkabilly|Parting Shot|p1a: Lunala\n|-unboost|p1a: Lunala|atk|1\n|-unboost|p1a: Lunala|spa|1\n|\n|t:|1782747884\n|switch|p2a: Mienshao|Mienshao, L83, M|223/244|[from] Parting Shot\n|-damage|p2a: Mienshao|208/244|[from] Stealth Rock\n|move|p1a: Lunala|Moonlight|p1a: Lunala\n|-heal|p1a: Lunala|308/308 brn\n|\n|-damage|p1a: Lunala|289/308 brn|[from] brn\n|upkeep\n|turn|32\n|\n|t:|1782747889\n|move|p2a: Mienshao|Knock Off|p1a: Lunala\n|-supereffective|p1a: Lunala\n|-damage|p1a: Lunala|0 fnt\n|-enditem|p1a: Lunala|Leftovers|[from] move: Knock Off|[of] p2a: Mienshao\n|faint|p1a: Lunala\n|\n|upkeep\n|\n|t:|1782747891\n|switch|p1a: Sableye|Sableye, L88, M|25/231\n|turn|33\n|\n|t:|1782747895\n|move|p1a: Sableye|Recover|p1a: Sableye\n|-heal|p1a: Sableye|141/231\n|move|p2a: Mienshao|U-turn|p1a: Sableye\n|-damage|p1a: Sableye|77/231\n|\n|t:|1782747896\n|switch|p2a: Sneasler|Sneasler, L74, M|118/240|[from] U-turn\n|-damage|p2a: Sneasler|103/240|[from] Stealth Rock\n|\n|upkeep\n|turn|34\n|\n|t:|1782747907\n|switch|p1a: Lucario|Lucario, L84, M|208/255\n|move|p2a: Sneasler|Dire Claw|p1a: Lucario\n|-immune|p1a: Lucario\n|\n|upkeep\n|turn|35\n|\n|t:|1782747911\n|switch|p2a: Mienshao|Mienshao, L83, M|244/244\n|-damage|p2a: Mienshao|229/244|[from] Stealth Rock\n|switch|p1a: Sableye|Sableye, L88, M|77/231\n|\n|upkeep\n|turn|36\n|\n|t:|1782747913\n|move|p1a: Sableye|Will-O-Wisp|p2a: Mienshao|[miss]\n|-miss|p1a: Sableye|p2a: Mienshao\n|move|p2a: Mienshao|U-turn|p1a: Sableye\n|-damage|p1a: Sableye|17/231\n|\n|t:|1782747915\n|switch|p2a: Sneasler|Sneasler, L74, M|103/240|[from] U-turn\n|-damage|p2a: Sneasler|88/240|[from] Stealth Rock\n|\n|upkeep\n|turn|37\n|\n|t:|1782747919\n|move|p1a: Sableye|Recover|p1a: Sableye\n|-heal|p1a: Sableye|133/231\n|move|p2a: Sneasler|Dire Claw|p1a: Sableye\n|-resisted|p1a: Sableye\n|-damage|p1a: Sableye|72/231\n|\n|upkeep\n|turn|38\n|\n|t:|1782747923\n|switch|p2a: Mienshao|Mienshao, L83, M|244/244\n|-damage|p2a: Mienshao|229/244|[from] Stealth Rock\n|move|p1a: Sableye|Recover|p1a: Sableye\n|-heal|p1a: Sableye|188/231\n|\n|upkeep\n|turn|39\n|\n|t:|1782747925\n|move|p1a: Sableye|Will-O-Wisp|p2a: Mienshao\n|-status|p2a: Mienshao|brn\n|move|p2a: Mienshao|U-turn|p1a: Sableye\n|-damage|p1a: Sableye|155/231\n|\n|t:|1782747927\n|switch|p2a: Sneasler|Sneasler, L74, M|88/240|[from] U-turn\n|-damage|p2a: Sneasler|73/240|[from] Stealth Rock\n|\n|upkeep\n|turn|40\n|\n|t:|1782747933\n|move|p1a: Sableye|Will-O-Wisp|p2a: Sneasler\n|-status|p2a: Sneasler|brn\n|move|p2a: Sneasler|Dire Claw|p1a: Sableye\n|-resisted|p1a: Sableye\n|-damage|p1a: Sableye|120/231\n|-status|p1a: Sableye|psn\n|\n|-damage|p1a: Sableye|92/231 psn|[from] psn\n|-damage|p2a: Sneasler|58/240 brn|[from] brn\n|upkeep\n|turn|41\n|\n|t:|1782747938\n|move|p1a: Sableye|Recover|p1a: Sableye\n|-heal|p1a: Sableye|208/231 psn\n|move|p2a: Sneasler|Dire Claw|p1a: Sableye\n|-resisted|p1a: Sableye\n|-damage|p1a: Sableye|172/231 psn\n|\n|-damage|p1a: Sableye|144/231 psn|[from] psn\n|-damage|p2a: Sneasler|43/240 brn|[from] brn\n|upkeep\n|turn|42\n|\n|t:|1782747943\n|switch|p2a: Mienshao|Mienshao, L83, M|244/244 brn\n|-damage|p2a: Mienshao|229/244 brn|[from] Stealth Rock\n|move|p1a: Sableye|Knock Off|p2a: Mienshao\n|-resisted|p2a: Mienshao\n|-damage|p2a: Mienshao|164/244 brn\n|-enditem|p2a: Mienshao|Assault Vest|[from] move: Knock Off|[of] p1a: Sableye\n|\n|-damage|p1a: Sableye|116/231 psn|[from] psn\n|-damage|p2a: Mienshao|149/244 brn|[from] brn\n|upkeep\n|turn|43\n|\n|t:|1782747946\n|move|p1a: Sableye|Recover|p1a: Sableye\n|-heal|p1a: Sableye|231/231 psn\n|move|p2a: Mienshao|Knock Off|p1a: Sableye\n|-damage|p1a: Sableye|202/231 psn\n|\n|-damage|p1a: Sableye|174/231 psn|[from] psn\n|-damage|p2a: Mienshao|134/244 brn|[from] brn\n|upkeep\n|turn|44\n|\n|t:|1782747950\n|move|p2a: Mienshao|U-turn|p1a: Sableye\n|-damage|p1a: Sableye|144/231 psn\n|\n|t:|1782747951\n|switch|p2a: Sneasler|Sneasler, L74, M|43/240 brn|[from] U-turn\n|-damage|p2a: Sneasler|28/240 brn|[from] Stealth Rock\n|move|p1a: Sableye|Knock Off|p2a: Sneasler\n|-resisted|p2a: Sneasler\n|-damage|p2a: Sneasler|0 fnt\n|-enditem|p2a: Sneasler|Choice Band|[from] move: Knock Off|[of] p1a: Sableye\n|faint|p2a: Sneasler\n|\n|-damage|p1a: Sableye|116/231 psn|[from] psn\n|upkeep\n|\n|t:|1782747952\n|switch|p2a: Squawkabilly|Squawkabilly-White, L89, F, tera:Flying|18/291 brn\n|turn|45\n|\n|t:|1782747954\n|move|p1a: Sableye|Recover|p1a: Sableye\n|-heal|p1a: Sableye|231/231 psn\n|move|p2a: Squawkabilly|Brave Bird|p1a: Sableye\n|-damage|p1a: Sableye|79/231 psn\n|-damage|p2a: Squawkabilly|0 fnt|[from] Recoil\n|faint|p2a: Squawkabilly\n|\n|-damage|p1a: Sableye|51/231 psn|[from] psn\n|upkeep\n|\n|t:|1782747957\n|switch|p2a: Mienshao|Mienshao, L83, M|215/244 brn\n|-damage|p2a: Mienshao|200/244 brn|[from] Stealth Rock\n|turn|46\n|\n|t:|1782747961\n|move|p1a: Sableye|Recover|p1a: Sableye\n|-heal|p1a: Sableye|167/231 psn\n|move|p2a: Mienshao|Knock Off|p1a: Sableye\n|-crit|p1a: Sableye\n|-damage|p1a: Sableye|125/231 psn\n|\n|-damage|p1a: Sableye|97/231 psn|[from] psn\n|-damage|p2a: Mienshao|185/244 brn|[from] brn\n|upkeep\n|turn|47\n|\n|t:|1782747964\n|move|p1a: Sableye|Encore|p2a: Mienshao\n|-start|p2a: Mienshao|Encore\n|move|p2a: Mienshao|Knock Off|p1a: Sableye\n|-damage|p1a: Sableye|68/231 psn\n|\n|-damage|p1a: Sableye|40/231 psn|[from] psn\n|-damage|p2a: Mienshao|170/244 brn|[from] brn\n|upkeep\n|turn|48\n|\n|t:|1782747966\n|switch|p2a: Greedent|Greedent, L86, F|347/347\n|-damage|p2a: Greedent|304/347|[from] Stealth Rock\n|move|p1a: Sableye|Knock Off|p2a: Greedent\n|-damage|p2a: Greedent|223/347\n|-enditem|p2a: Greedent|Sitrus Berry|[from] move: Knock Off|[of] p1a: Sableye\n|\n|-damage|p1a: Sableye|12/231 psn|[from] psn\n|upkeep\n|turn|49\n|\n|t:|1782747969\n|move|p1a: Sableye|Will-O-Wisp|p2a: Greedent\n|-status|p2a: Greedent|brn\n|move|p2a: Greedent|Earthquake|p1a: Sableye\n|-damage|p1a: Sableye|0 fnt\n|faint|p1a: Sableye\n|\n|-damage|p2a: Greedent|202/347 brn|[from] brn\n|upkeep\n|\n|t:|1782747971\n|switch|p1a: Lucario|Lucario, L84, M|208/255\n|turn|50\n|\n|t:|1782747976\n|move|p1a: Lucario|Nasty Plot|p1a: Lucario\n|-boost|p1a: Lucario|spa|2\n|move|p2a: Greedent|Earthquake|p1a: Lucario\n|-supereffective|p1a: Lucario\n|-damage|p1a: Lucario|125/255\n|\n|-damage|p2a: Greedent|181/347 brn|[from] brn\n|upkeep\n|turn|51\n|\n|t:|1782747978\n|-terastallize|p1a: Lucario|Fighting\n|move|p1a: Lucario|Nasty Plot|p1a: Lucario\n|-boost|p1a: Lucario|spa|2\n|move|p2a: Greedent|Earthquake|p1a: Lucario\n|-damage|p1a: Lucario|84/255\n|\n|-damage|p2a: Greedent|160/347 brn|[from] brn\n|upkeep\n|turn|52\n|\n|t:|1782747980\n|move|p1a: Lucario|Vacuum Wave|p2a: Greedent\n|-supereffective|p2a: Greedent\n|-damage|p2a: Greedent|0 fnt\n|faint|p2a: Greedent\n|\n|upkeep\n|\n|t:|1782747981\n|switch|p2a: Mienshao|Mienshao, L83, M|244/244 brn\n|-damage|p2a: Mienshao|229/244 brn|[from] Stealth Rock\n|turn|53\n|\n|t:|1782747983\n|move|p2a: Mienshao|Fake Out|p1a: Lucario\n|-damage|p1a: Lucario|63/255\n|move|p1a: Lucario|Vacuum Wave|p2a: Mienshao\n|-damage|p2a: Mienshao|0 fnt\n|faint|p2a: Mienshao\n|\n|win|thfighter\n|raw|thfighter's rating: 2191 &rarr; <strong>2222</strong><br />(+31 for winning)\n|raw|velvet's rating: 2396 &rarr; <strong>2365</strong><br />(-31 for losing)\n", "inputlog": ">version f8ac14003a5f27e1bdc8d8c59608a773c1cb96e5\n>start {\"formatid\":\"gen9randombattle\",\"seed\":\"sodium,d1354a46f147529efd29177eb3b59166\",\"rated\":\"Rated battle\"}\n>player p1 {\"name\":\"thfighter\",\"avatar\":\"brock\",\"rating\":2191,\"seed\":\"sodium,b371028135cfba1c99e43fa330af541e\"}\n>player p2 {\"name\":\"velvet\",\"avatar\":\"winona-gen3\",\"rating\":2380,\"seed\":\"sodium,35a984c688332c2e456b91db862ed367\"}\n>p1 move nastyplot\n>p2 switch 4\n>p1 switch 5\n>p2 move closecombat\n>p1 switch 2\n>p2 switch 2\n>p1 move leafblade\n>p2 move fakeout\n>p1 move doubleedge\n>p2 move knockoff\n>p1 move leafblade\n>p2 move uturn\n>p2 switch 2\n>p1 switch 4\n>p2 move uturn\n>p2 switch 3\n>p1 move stealthrock\n>p2 move sacredfire\n>p1 move slackoff\n>p2 move sacredfire\n>p1 move slackoff\n>p2 move sacredfire\n>p1 move slackoff\n>p2 move sacredfire\n>p1 move slackoff\n>p2 move sacredfire\n>p1 move slackoff\n>p2 switch 6\n>p1 switch 4\n>p2 move bravebird\n>p1 switch 3\n>p1 move willowisp\n>p2 switch 4\n>p1 switch 4\n>p2 move knockoff\n>p1 move slackoff\n>p2 move dragondance\n>p1 move earthquake\n>p2 move icepunch\n>p1 move earthquake\n>p2 move icepunch\n>p1 switch 6\n>p1 move moonblast\n>p2 move stoneedge\n>p2 switch 4\n>p1 move moonblast\n>p2 move bravebird\n>p1 move moonblast\n>p2 move bravebird\n>p1 switch 4\n>p1 move knockoff\n>p2 switch 6\n>p1 switch 2\n>p2 move sacredfire\n>p1 move moonlight\n>p2 move flareblitz\n>p2 switch 2\n>p1 switch 5\n>p2 move knockoff\n>p1 switch 2\n>p2 move knockoff\n>p1 move recover\n>p2 move uturn\n>p2 switch 6\n>p1 move willowisp\n>p2 move bravebird terastallize\n>p1 switch 5\n>p2 move bravebird\n>p1 move moonlight\n>p2 move partingshot\n>p2 switch 6\n>p1 move psyshock\n>p2 move knockoff\n>p1 switch 5\n>p1 move recover\n>p2 move uturn\n>p2 switch 3\n>p1 switch 2\n>p2 move direclaw\n>p1 switch 2\n>p2 switch 3\n>p1 move willowisp\n>p2 move uturn\n>p2 switch 3\n>p1 move recover\n>p2 move direclaw\n>p1 move recover\n>p2 switch 3\n>p1 move willowisp\n>p2 move uturn\n>p2 switch 3\n>p1 move willowisp\n>p2 move direclaw\n>p1 move recover\n>p2 move direclaw\n>p1 move knockoff\n>p2 switch 3\n>p1 move recover\n>p2 move knockoff\n>p1 move knockoff\n>p2 move uturn\n>p2 switch 3\n>p2 switch 6\n>p1 move recover\n>p2 move bravebird\n>p2 switch 3\n>p1 move recover\n>p2 move knockoff\n>p1 move encore\n>p2 move knockoff\n>p1 move knockoff\n>p2 switch 5\n>p1 move willowisp\n>p2 move earthquake\n>p1 switch 2\n>p1 move nastyplot\n>p2 move earthquake\n>p1 move nastyplot terastallize\n>p2 move earthquake\n>p1 move vacuumwave\n>p2 move earthquake\n>p2 switch 5\n>p1 move vacuumwave\n>p2 move fakeout", "uploadtime": 1782747983, "views": 6, "formatid": "gen9randombattle", "rating": 2222, "private": 0, "password": null, "player_dets": [{"name": "thfighter", "avatar": "brock", "rating": 2191, "seed": "sodium,b371028135cfba1c99e43fa330af541e"}, {"name": "velvet", "avatar": "winona-gen3", "rating": 2380, "seed": "sodium,35a984c688332c2e456b91db862ed367"}], "teams_full": [{"Lucario": {"name": "Lucario", "species": "Lucario", "speciesId": "lucario", "gender": "M", "shiny": false, "level": 84, "moves": ["nastyplot", "focusblast", "flashcannon", "vacuumwave"], "ability": "Inner Focus", "evs": {"hp": 85, "atk": 0, "def": 85, "spa": 85, "spd": 85, "spe": 85}, "ivs": {"hp": 31, "atk": 0, "def": 31, "spa": 31, "spd": 31, "spe": 31}, "item": "Life Orb", "teraType": "Fighting", "role": "Setup Sweeper", "bvs": {"hp": 70, "atk": 110, "def": 70, "spa": 115, "spd": 70, "spe": 90}, "stats": {"hp": 255, "atk": 189, "def": 166, "spa": 241, "spd": 166, "spe": 199}, "types": ["Fighting", "Steel"]}, "Leafeon": {"name": "Leafeon", "species": "Leafeon", "speciesId": "leafeon", "gender": "F", "shiny": false, "level": 88, "moves": ["substitute", "doubleedge", "swordsdance", "leafblade"], "ability": "Chlorophyll", "evs": {"hp": 85, "atk": 85, "def": 85, "spa": 85, "spd": 85, "spe": 85}, "ivs": {"hp": 31, "atk": 31, "def": 31, "spa": 31, "spd": 31, "spe": 31}, "item": "Leftovers", "teraType": "Normal", "role": "Setup Sweeper", "bvs": {"hp": 65, "atk": 110, "def": 130, "spa": 60, "spd": 65, "spe": 95}, "stats": {"hp": 258, "atk": 244, "def": 279, "spa": 156, "spd": 165, "spe": 217}, "types": ["Grass"]}, "Sableye": {"name": "Sableye", "species": "Sableye", "speciesId": "sableye", "gender": "M", "shiny": false, "level": 88, "moves": ["encore", "recover", "willowisp", "knockoff"], "ability": "Prankster", "evs": {"hp": 85, "atk": 85, "def": 85, "spa": 85, "spd": 85, "spe": 85}, "ivs": {"hp": 31, "atk": 31, "def": 31, "spa": 31, "spd": 31, "spe": 31}, "item": "Leftovers", "teraType": "Steel", "role": "Bulky Support", "bvs": {"hp": 50, "atk": 75, "def": 75, "spa": 65, "spd": 65, "spe": 50}, "stats": {"hp": 231, "atk": 182, "def": 182, "spa": 165, "spd": 165, "spe": 138}, "types": ["Dark", "Ghost"]}, "Hippowdon": {"name": "Hippowdon", "species": "Hippowdon", "speciesId": "hippowdon", "gender": "M", "shiny": false, "level": 82, "moves": ["earthquake", "stoneedge", "stealthrock", "slackoff"], "ability": "Sand Stream", "evs": {"hp": 85, "atk": 85, "def": 85, "spa": 85, "spd": 85, "spe": 85}, "ivs": {"hp": 31, "atk": 31, "def": 31, "spa": 31, "spd": 31, "spe": 31}, "item": "Leftovers", "teraType": "Rock", "role": "Bulky Support", "bvs": {"hp": 108, "atk": 112, "def": 118, "spa": 68, "spd": 72, "spe": 47}, "stats": {"hp": 311, "atk": 231, "def": 241, "spa": 159, "spd": 165, "spe": 124}, "types": ["Ground"]}, "Lunala": {"name": "Lunala", "species": "Lunala", "speciesId": "lunala", "gender": "N", "shiny": false, "level": 70, "moves": ["calmmind", "psyshock", "moongeistbeam", "moonlight"], "ability": "Shadow Shield", "evs": {"hp": 85, "atk": 0, "def": 85, "spa": 85, "spd": 85, "spe": 85}, "ivs": {"hp": 31, "atk": 0, "def": 31, "spa": 31, "spd": 31, "spe": 31}, "item": "Leftovers", "teraType": "Dark", "role": "Fast Bulky Setup", "bvs": {"hp": 137, "atk": 113, "def": 89, "spa": 137, "spd": 107, "spe": 97}, "stats": {"hp": 308, "atk": 163, "def": 166, "spa": 233, "spd": 191, "spe": 177}, "types": ["Psychic", "Ghost"]}, "Clefable": {"name": "Clefable", "species": "Clefable", "speciesId": "clefable", "gender": "M", "shiny": false, "level": 83, "moves": ["calmmind", "moonlight", "moonblast", "fireblast"], "ability": "Unaware", "evs": {"hp": 85, "atk": 0, "def": 85, "spa": 85, "spd": 85, "spe": 85}, "ivs": {"hp": 31, "atk": 0, "def": 31, "spa": 31, "spd": 31, "spe": 31}, "item": "Leftovers", "teraType": "Fire", "role": "Bulky Setup", "bvs": {"hp": 95, "atk": 70, "def": 73, "spa": 95, "spd": 90, "spe": 60}, "stats": {"hp": 293, "atk": 121, "def": 169, "spa": 205, "spd": 197, "spe": 147}, "types": ["Fairy"]}}, {"Tyranitar": {"name": "Tyranitar", "species": "Tyranitar", "speciesId": "tyranitar", "gender": "F", "shiny": false, "level": 78, "moves": ["dragondance", "knockoff", "stoneedge", "icepunch"], "ability": "Sand Stream", "evs": {"hp": 85, "atk": 85, "def": 85, "spa": 85, "spd": 85, "spe": 85}, "ivs": {"hp": 31, "atk": 31, "def": 31, "spa": 31, "spd": 31, "spe": 31}, "item": "Weakness Policy", "teraType": "Ghost", "role": "Bulky Setup", "bvs": {"hp": 100, "atk": 134, "def": 110, "spa": 95, "spd": 100, "spe": 61}, "stats": {"hp": 284, "atk": 254, "def": 217, "spa": 193, "spd": 201, "spe": 140}, "types": ["Rock", "Dark"]}, "Mienshao": {"name": "Mienshao", "species": "Mienshao", "speciesId": "mienshao", "gender": "M", "shiny": false, "level": 83, "moves": ["closecombat", "knockoff", "uturn", "fakeout"], "ability": "Regenerator", "evs": {"hp": 85, "atk": 85, "def": 85, "spa": 85, "spd": 85, "spe": 85}, "ivs": {"hp": 31, "atk": 31, "def": 31, "spa": 31, "spd": 31, "spe": 31}, "item": "Assault Vest", "teraType": "Steel", "role": "AV Pivot", "bvs": {"hp": 65, "atk": 125, "def": 60, "spa": 95, "spd": 60, "spe": 105}, "stats": {"hp": 244, "atk": 255, "def": 147, "spa": 205, "spd": 147, "spe": 222}, "types": ["Fighting"]}, "Entei": {"name": "Entei", "species": "Entei", "speciesId": "entei", "gender": "N", "shiny": false, "level": 78, "moves": ["stoneedge", "flareblitz", "sacredfire", "extremespeed"], "ability": "Inner Focus", "evs": {"hp": 85, "atk": 85, "def": 85, "spa": 85, "spd": 85, "spe": 85}, "ivs": {"hp": 31, "atk": 31, "def": 31, "spa": 31, "spd": 31, "spe": 31}, "item": "Choice Band", "teraType": "Normal", "role": "Fast Attacker", "bvs": {"hp": 115, "atk": 115, "def": 85, "spa": 90, "spd": 75, "spe": 100}, "stats": {"hp": 307, "atk": 224, "def": 178, "spa": 185, "spd": 162, "spe": 201}, "types": ["Fire"]}, "Sneasler": {"name": "Sneasler", "species": "Sneasler", "speciesId": "sneasler", "gender": "M", "shiny": false, "level": 74, "moves": ["closecombat", "direclaw", "uturn", "throatchop"], "ability": "Poison Touch", "evs": {"hp": 85, "atk": 85, "def": 85, "spa": 85, "spd": 85, "spe": 85}, "ivs": {"hp": 31, "atk": 31, "def": 31, "spa": 31, "spd": 31, "spe": 31}, "item": "Choice Band", "teraType": "Fighting", "role": "Fast Attacker", "bvs": {"hp": 80, "atk": 130, "def": 60, "spa": 40, "spd": 80, "spe": 120}, "stats": {"hp": 240, "atk": 235, "def": 132, "spa": 102, "spd": 161, "spe": 221}, "types": ["Fighting", "Poison"]}, "Greedent": {"name": "Greedent", "species": "Greedent", "speciesId": "greedent", "gender": "F", "shiny": false, "level": 86, "moves": ["knockoff", "doubleedge", "earthquake", "swordsdance"], "ability": "Cheek Pouch", "evs": {"hp": 85, "atk": 85, "def": 85, "spa": 85, "spd": 85, "spe": 85}, "ivs": {"hp": 31, "atk": 31, "def": 31, "spa": 31, "spd": 31, "spe": 31}, "item": "Sitrus Berry", "teraType": "Ground", "role": "Bulky Setup", "bvs": {"hp": 120, "atk": 95, "def": 95, "spa": 55, "spd": 75, "spe": 20}, "stats": {"hp": 347, "atk": 213, "def": 213, "spa": 144, "spd": 178, "spe": 84}, "types": ["Normal"]}, "Squawkabilly": {"name": "Squawkabilly", "species": "Squawkabilly-White", "speciesId": "squawkabillywhite", "gender": "F", "shiny": false, "level": 89, "moves": ["quickattack", "bravebird", "foulplay", "partingshot"], "ability": "Hustle", "evs": {"hp": 85, "atk": 85, "def": 85, "spa": 85, "spd": 85, "spe": 85}, "ivs": {"hp": 31, "atk": 31, "def": 31, "spa": 31, "spd": 31, "spe": 31}, "item": "Heavy-Duty Boots", "teraType": "Flying", "role": "Wallbreaker", "bvs": {"hp": 82, "atk": 96, "def": 51, "spa": 45, "spd": 51, "spe": 92}, "stats": {"hp": 291, "atk": 222, "def": 142, "spa": 131, "spd": 142, "spe": 215}, "types": ["Normal", "Flying"]}}]}