{"id": "gen9randombattle-2641311773", "format": "[Gen 9] Random Battle", "players": ["dk_rise214", "nanobananas"], "log": "|j|\u203ddk_rise214\n|j|\u2606nanobananas\n|t:|1782766425\n|gametype|singles\n|player|p1|dk_rise214|1|1570\n|player|p2|nanobananas|266|1581\n|gen|9\n|tier|[Gen 9] Random Battle\n|rated|\n|rule|Species Clause: Limit one of each Pok\u00e9mon\n|rule|HP Percentage Mod: HP is shown in percentages\n|rule|Sleep Clause Mod: Limit one foe put to sleep\n|rule|Illusion Level Mod: Illusion disguises the Pok\u00e9mon's true level\n|\n|t:|1782766425\n|teamsize|p1|6\n|teamsize|p2|6\n|start\n|switch|p1a: Jirachi|Jirachi, L80|291/291\n|switch|p2a: Annihilape|Annihilape, L76, M|292/292\n|turn|1\n|inactive|Battle timer is ON: inactive players will automatically lose when time's up. (requested by dk_rise214)\n|\n|t:|1782766438\n|switch|p1a: Conkeldurr|Conkeldurr, L80, M|299/299\n|move|p2a: Annihilape|Bulk Up|p2a: Annihilape\n|-boost|p2a: Annihilape|atk|1\n|-boost|p2a: Annihilape|def|1\n|\n|-status|p1a: Conkeldurr|brn|[from] item: Flame Orb\n|upkeep\n|turn|2\n|\n|t:|1782766451\n|move|p2a: Annihilape|Bulk Up|p2a: Annihilape\n|-boost|p2a: Annihilape|atk|1\n|-boost|p2a: Annihilape|def|1\n|move|p1a: Conkeldurr|Knock Off|p2a: Annihilape\n|-damage|p2a: Annihilape|212/292\n|-enditem|p2a: Annihilape|Chesto Berry|[from] move: Knock Off|[of] p1a: Conkeldurr\n|\n|-damage|p1a: Conkeldurr|281/299 brn|[from] brn\n|upkeep\n|turn|3\n|\n|t:|1782766460\n|switch|p1a: Pincurchin|Pincurchin, F|258/258\n|-fieldstart|move: Electric Terrain|[from] ability: Electric Surge|[of] p1a: Pincurchin\n|move|p2a: Annihilape|Bulk Up|p2a: Annihilape\n|-boost|p2a: Annihilape|atk|1\n|-boost|p2a: Annihilape|def|1\n|\n|upkeep\n|turn|4\n|\n|t:|1782766467\n|move|p2a: Annihilape|Drain Punch|p1a: Pincurchin\n|-damage|p1a: Pincurchin|122/258\n|-heal|p2a: Annihilape|280/292|[from] drain|[of] p1a: Pincurchin\n|move|p1a: Pincurchin|Curse|p1a: Pincurchin\n|-unboost|p1a: Pincurchin|spe|1\n|-boost|p1a: Pincurchin|atk|1\n|-boost|p1a: Pincurchin|def|1\n|\n|-heal|p1a: Pincurchin|138/258|[from] item: Leftovers\n|upkeep\n|turn|5\n|\n|t:|1782766482\n|move|p2a: Annihilape|Rage Fist|p1a: Pincurchin\n|-damage|p1a: Pincurchin|12/258\n|move|p1a: Pincurchin|Recover|p1a: Pincurchin\n|-heal|p1a: Pincurchin|141/258\n|\n|-heal|p1a: Pincurchin|157/258|[from] item: Leftovers\n|upkeep\n|turn|6\n|\n|t:|1782766494\n|move|p2a: Annihilape|Bulk Up|p2a: Annihilape\n|-boost|p2a: Annihilape|atk|1\n|-boost|p2a: Annihilape|def|1\n|move|p1a: Pincurchin|Curse|p1a: Pincurchin\n|-unboost|p1a: Pincurchin|spe|1\n|-boost|p1a: Pincurchin|atk|1\n|-boost|p1a: Pincurchin|def|1\n|\n|-heal|p1a: Pincurchin|173/258|[from] item: Leftovers\n|upkeep\n|turn|7\n|\n|t:|1782766503\n|move|p2a: Annihilape|Rage Fist|p1a: Pincurchin\n|-damage|p1a: Pincurchin|44/258\n|move|p1a: Pincurchin|Curse|p1a: Pincurchin\n|-unboost|p1a: Pincurchin|spe|1\n|-boost|p1a: Pincurchin|atk|1\n|-boost|p1a: Pincurchin|def|1\n|\n|-heal|p1a: Pincurchin|60/258|[from] item: Leftovers\n|-fieldend|move: Electric Terrain\n|upkeep\n|turn|8\n|\n|t:|1782766513\n|move|p2a: Annihilape|Rage Fist|p1a: Pincurchin\n|-damage|p1a: Pincurchin|0 fnt\n|faint|p1a: Pincurchin\n|\n|upkeep\n|\n|t:|1782766522\n|switch|p1a: Solgaleo|Solgaleo, L74|325/325\n|turn|9\n|\n|t:|1782766540\n|move|p1a: Solgaleo|Psychic|p2a: Annihilape\n|-supereffective|p2a: Annihilape\n|-crit|p2a: Annihilape\n|-damage|p2a: Annihilape|0 fnt\n|faint|p2a: Annihilape\n|\n|upkeep\n|c|\u2606nanobananas|bs\n|inactive|nanobananas has 120 seconds left.\n|\n|t:|1782766572\n|switch|p2a: Politoed|Politoed, L88, M|302/302\n|-weather|RainDance|[from] ability: Drizzle|[of] p2a: Politoed\n|turn|10\n|\n|t:|1782766577\n|switch|p1a: Conkeldurr|Conkeldurr, L80, M|281/299 brn\n|move|p2a: Politoed|Weather Ball|p1a: Conkeldurr\n|-crit|p1a: Conkeldurr\n|-damage|p1a: Conkeldurr|0 fnt\n|faint|p1a: Conkeldurr\n|\n|-weather|RainDance|[upkeep]\n|upkeep\n|\n|t:|1782766585\n|switch|p1a: Jirachi|Jirachi, L80|291/291\n|turn|11\n|\n|t:|1782766589\n|-terastallize|p1a: Jirachi|Water\n|move|p1a: Jirachi|Body Slam|p2a: Politoed\n|-damage|p2a: Politoed|243/302\n|-status|p2a: Politoed|par\n|cant|p2a: Politoed|par\n|\n|-weather|RainDance|[upkeep]\n|upkeep\n|turn|12\n|\n|t:|1782766597\n|move|p1a: Jirachi|Stealth Rock|p2a: Politoed\n|-sidestart|p2: nanobananas|move: Stealth Rock\n|cant|p2a: Politoed|par\n|\n|-weather|RainDance|[upkeep]\n|upkeep\n|turn|13\n|\n|t:|1782766602\n|move|p1a: Jirachi|Iron Head|p2a: Politoed\n|-resisted|p2a: Politoed\n|-damage|p2a: Politoed|201/302 par\n|cant|p2a: Politoed|flinch\n|\n|-weather|RainDance|[upkeep]\n|upkeep\n|turn|14\n|\n|t:|1782766609\n|move|p1a: Jirachi|Iron Head|p2a: Politoed\n|-resisted|p2a: Politoed\n|-damage|p2a: Politoed|160/302 par\n|cant|p2a: Politoed|par\n|\n|-weather|none\n|upkeep\n|turn|15\n|\n|t:|1782766625\n|switch|p2a: Exeggutor|Exeggutor, L89, M|312/312\n|-damage|p2a: Exeggutor|273/312|[from] Stealth Rock\n|move|p1a: Jirachi|Iron Head|p2a: Exeggutor\n|-damage|p2a: Exeggutor|200/312\n|\n|upkeep\n|turn|16\n|\n|t:|1782766632\n|move|p1a: Jirachi|U-turn|p2a: Exeggutor\n|-supereffective|p2a: Exeggutor\n|-damage|p2a: Exeggutor|0 fnt\n|faint|p2a: Exeggutor\n|\n|t:|1782766636\n|switch|p1a: Dugtrio|Dugtrio, L84, M|196/196|[from] U-turn\n|\n|upkeep\n|\n|t:|1782766645\n|switch|p2a: Politoed|Politoed, L88, M|160/302 par\n|-damage|p2a: Politoed|123/302 par|[from] Stealth Rock\n|-weather|RainDance|[from] ability: Drizzle|[of] p2a: Politoed\n|turn|17\n|\n|t:|1782766649\n|move|p1a: Dugtrio|Earthquake|p2a: Politoed\n|-damage|p2a: Politoed|0 fnt\n|faint|p2a: Politoed\n|\n|-weather|RainDance|[upkeep]\n|upkeep\n|\n|t:|1782766667\n|switch|p2a: Umbreon|Umbreon, L84, F|297/297\n|-damage|p2a: Umbreon|260/297|[from] Stealth Rock\n|turn|18\n|\n|t:|1782766681\n|move|p1a: Dugtrio|Earthquake|p2a: Umbreon\n|-damage|p2a: Umbreon|112/297\n|move|p2a: Umbreon|Foul Play|p1a: Dugtrio\n|-damage|p1a: Dugtrio|36/196\n|\n|-weather|RainDance|[upkeep]\n|-heal|p2a: Umbreon|130/297|[from] item: Leftovers\n|upkeep\n|turn|19\n|\n|t:|1782766689\n|move|p2a: Umbreon|Protect|p2a: Umbreon\n|-singleturn|p2a: Umbreon|Protect\n|move|p1a: Dugtrio|Earthquake|p2a: Umbreon\n|-activate|p2a: Umbreon|move: Protect\n|\n|-weather|RainDance|[upkeep]\n|-heal|p2a: Umbreon|148/297|[from] item: Leftovers\n|upkeep\n|turn|20\n|\n|t:|1782766696\n|move|p1a: Dugtrio|Earthquake|p2a: Umbreon\n|-damage|p2a: Umbreon|21/297\n|move|p2a: Umbreon|Foul Play|p1a: Dugtrio\n|-damage|p1a: Dugtrio|0 fnt\n|faint|p1a: Dugtrio\n|\n|-weather|RainDance|[upkeep]\n|-heal|p2a: Umbreon|39/297|[from] item: Leftovers\n|upkeep\n|\n|t:|1782766700\n|switch|p1a: Solgaleo|Solgaleo, L74|325/325\n|turn|21\n|\n|t:|1782766706\n|move|p1a: Solgaleo|Flame Charge|p2a: Umbreon\n|-damage|p2a: Umbreon|24/297\n|-boost|p1a: Solgaleo|spe|1\n|move|p2a: Umbreon|Wish|p2a: Umbreon\n|\n|-weather|none\n|-heal|p2a: Umbreon|42/297|[from] item: Leftovers\n|upkeep\n|turn|22\n|\n|t:|1782766713\n|move|p2a: Umbreon|Protect|p2a: Umbreon\n|-singleturn|p2a: Umbreon|Protect\n|move|p1a: Solgaleo|Flame Charge|p2a: Umbreon\n|-activate|p2a: Umbreon|move: Protect\n|\n|-heal|p2a: Umbreon|190/297|[from] move: Wish|[wisher] Umbreon\n|-heal|p2a: Umbreon|208/297|[from] item: Leftovers\n|upkeep\n|turn|23\n|\n|t:|1782766722\n|move|p1a: Solgaleo|Flame Charge|p2a: Umbreon\n|-damage|p2a: Umbreon|179/297\n|-boost|p1a: Solgaleo|spe|1\n|move|p2a: Umbreon|Wish|p2a: Umbreon\n|\n|-heal|p2a: Umbreon|197/297|[from] item: Leftovers\n|upkeep\n|turn|24\n|\n|t:|1782766730\n|move|p2a: Umbreon|Protect|p2a: Umbreon\n|-singleturn|p2a: Umbreon|Protect\n|move|p1a: Solgaleo|Sunsteel Strike|p2a: Umbreon\n|-activate|p2a: Umbreon|move: Protect\n|\n|-heal|p2a: Umbreon|297/297|[from] move: Wish|[wisher] Umbreon\n|upkeep\n|turn|25\n|\n|t:|1782766736\n|move|p1a: Solgaleo|Sunsteel Strike|p2a: Umbreon\n|-damage|p2a: Umbreon|206/297\n|move|p2a: Umbreon|Foul Play|p1a: Solgaleo\n|-supereffective|p1a: Solgaleo\n|-crit|p1a: Solgaleo\n|-damage|p1a: Solgaleo|0 fnt\n|faint|p1a: Solgaleo\n|\n|-heal|p2a: Umbreon|224/297|[from] item: Leftovers\n|upkeep\n|\n|t:|1782766745\n|switch|p1a: Jirachi|Jirachi, L80, tera:Water|291/291\n|turn|26\n|\n|t:|1782766757\n|move|p1a: Jirachi|Body Slam|p2a: Umbreon\n|-damage|p2a: Umbreon|176/297\n|-status|p2a: Umbreon|par\n|-activate|p2a: Umbreon|ability: Synchronize\n|-status|p1a: Jirachi|par\n|move|p2a: Umbreon|Toxic||[still]\n|-fail|p2a: Umbreon\n|\n|-heal|p2a: Umbreon|194/297 par|[from] item: Leftovers\n|upkeep\n|turn|27\n|\n|t:|1782766766\n|move|p1a: Jirachi|Iron Head|p2a: Umbreon\n|-damage|p2a: Umbreon|125/297 par\n|move|p2a: Umbreon|Wish|p2a: Umbreon\n|\n|-heal|p2a: Umbreon|143/297 par|[from] item: Leftovers\n|upkeep\n|turn|28\n|\n|t:|1782766773\n|move|p1a: Jirachi|Iron Head|p2a: Umbreon\n|-damage|p2a: Umbreon|73/297 par\n|cant|p2a: Umbreon|par\n|\n|-heal|p2a: Umbreon|221/297 par|[from] move: Wish|[wisher] Umbreon\n|-heal|p2a: Umbreon|239/297 par|[from] item: Leftovers\n|upkeep\n|turn|29\n|\n|t:|1782766782\n|move|p1a: Jirachi|Iron Head|p2a: Umbreon\n|-damage|p2a: Umbreon|173/297 par\n|cant|p2a: Umbreon|flinch\n|\n|-heal|p2a: Umbreon|191/297 par|[from] item: Leftovers\n|upkeep\n|turn|30\n|\n|t:|1782766789\n|move|p1a: Jirachi|Iron Head|p2a: Umbreon\n|-damage|p2a: Umbreon|121/297 par\n|move|p2a: Umbreon|Wish|p2a: Umbreon\n|\n|-heal|p2a: Umbreon|139/297 par|[from] item: Leftovers\n|upkeep\n|turn|31\n|\n|t:|1782766796\n|cant|p2a: Umbreon|par\n|cant|p1a: Jirachi|par\n|\n|-heal|p2a: Umbreon|287/297 par|[from] move: Wish|[wisher] Umbreon\n|-heal|p2a: Umbreon|297/297 par|[from] item: Leftovers\n|upkeep\n|turn|32\n|\n|t:|1782766802\n|move|p1a: Jirachi|Iron Head|p2a: Umbreon\n|-damage|p2a: Umbreon|227/297 par\n|move|p2a: Umbreon|Foul Play|p1a: Jirachi\n|-damage|p1a: Jirachi|194/291 par\n|\n|-heal|p1a: Jirachi|212/291 par|[from] item: Leftovers\n|-heal|p2a: Umbreon|245/297 par|[from] item: Leftovers\n|upkeep\n|turn|33\n|\n|t:|1782766809\n|cant|p1a: Jirachi|par\n|cant|p2a: Umbreon|par\n|\n|-heal|p1a: Jirachi|230/291 par|[from] item: Leftovers\n|-heal|p2a: Umbreon|263/297 par|[from] item: Leftovers\n|upkeep\n|turn|34\n|\n|t:|1782766815\n|cant|p1a: Jirachi|par\n|cant|p2a: Umbreon|par\n|\n|-heal|p1a: Jirachi|248/291 par|[from] item: Leftovers\n|-heal|p2a: Umbreon|281/297 par|[from] item: Leftovers\n|upkeep\n|turn|35\n|\n|t:|1782766821\n|move|p1a: Jirachi|Iron Head|p2a: Umbreon\n|-damage|p2a: Umbreon|217/297 par\n|cant|p2a: Umbreon|flinch\n|\n|-heal|p1a: Jirachi|266/291 par|[from] item: Leftovers\n|-heal|p2a: Umbreon|235/297 par|[from] item: Leftovers\n|upkeep\n|turn|36\n|\n|t:|1782766827\n|move|p1a: Jirachi|Iron Head|p2a: Umbreon\n|-damage|p2a: Umbreon|166/297 par\n|cant|p2a: Umbreon|flinch\n|\n|-heal|p1a: Jirachi|284/291 par|[from] item: Leftovers\n|-heal|p2a: Umbreon|184/297 par|[from] item: Leftovers\n|upkeep\n|turn|37\n|\n|t:|1782766834\n|move|p1a: Jirachi|Iron Head|p2a: Umbreon\n|-damage|p2a: Umbreon|115/297 par\n|cant|p2a: Umbreon|flinch\n|\n|-heal|p1a: Jirachi|291/291 par|[from] item: Leftovers\n|-heal|p2a: Umbreon|133/297 par|[from] item: Leftovers\n|upkeep\n|turn|38\n|\n|t:|1782766840\n|move|p1a: Jirachi|Iron Head|p2a: Umbreon\n|-damage|p2a: Umbreon|69/297 par\n|cant|p2a: Umbreon|flinch\n|\n|-heal|p2a: Umbreon|87/297 par|[from] item: Leftovers\n|upkeep\n|turn|39\n|\n|t:|1782766846\n|cant|p1a: Jirachi|par\n|move|p2a: Umbreon|Wish|p2a: Umbreon\n|\n|-heal|p2a: Umbreon|105/297 par|[from] item: Leftovers\n|upkeep\n|turn|40\n|\n|t:|1782766852\n|move|p1a: Jirachi|Iron Head|p2a: Umbreon\n|-damage|p2a: Umbreon|36/297 par\n|cant|p2a: Umbreon|par\n|\n|-heal|p2a: Umbreon|184/297 par|[from] move: Wish|[wisher] Umbreon\n|-heal|p2a: Umbreon|202/297 par|[from] item: Leftovers\n|upkeep\n|turn|41\n|\n|t:|1782766860\n|move|p1a: Jirachi|Iron Head|p2a: Umbreon\n|-damage|p2a: Umbreon|135/297 par\n|move|p2a: Umbreon|Wish|p2a: Umbreon\n|\n|-heal|p2a: Umbreon|153/297 par|[from] item: Leftovers\n|upkeep\n|turn|42\n|\n|t:|1782766866\n|move|p1a: Jirachi|U-turn|p2a: Umbreon\n|-supereffective|p2a: Umbreon\n|-damage|p2a: Umbreon|71/297 par\n|\n|t:|1782766869\n|switch|p1a: Roaring Moon|Roaring Moon, L72|270/270|[from] U-turn\n|move|p2a: Umbreon|Foul Play|p1a: Roaring Moon\n|-resisted|p1a: Roaring Moon\n|-damage|p1a: Roaring Moon|187/270\n|\n|-heal|p2a: Umbreon|219/297 par|[from] move: Wish|[wisher] Umbreon\n|-heal|p2a: Umbreon|237/297 par|[from] item: Leftovers\n|upkeep\n|turn|43\n|\n|t:|1782766879\n|move|p1a: Roaring Moon|Knock Off|p2a: Umbreon\n|-resisted|p2a: Umbreon\n|-crit|p2a: Umbreon\n|-damage|p2a: Umbreon|168/297 par\n|-enditem|p2a: Umbreon|Leftovers|[from] move: Knock Off|[of] p1a: Roaring Moon\n|move|p2a: Umbreon|Toxic|p1a: Roaring Moon\n|-status|p1a: Roaring Moon|tox\n|-enditem|p1a: Roaring Moon|Lum Berry|[eat]\n|-curestatus|p1a: Roaring Moon|tox|[msg]\n|\n|upkeep\n|turn|44\n|\n|t:|1782766889\n|-end|p1a: Roaring Moon|Protosynthesis|[silent]\n|switch|p1a: Jirachi|Jirachi, L80, tera:Water|291/291 par\n|cant|p2a: Umbreon|par\n|\n|upkeep\n|turn|45\n|\n|t:|1782766892\n|move|p1a: Jirachi|Iron Head|p2a: Umbreon\n|-damage|p2a: Umbreon|102/297 par\n|cant|p2a: Umbreon|par\n|\n|upkeep\n|turn|46\n|\n|t:|1782766901\n|move|p1a: Jirachi|Iron Head|p2a: Umbreon\n|-damage|p2a: Umbreon|32/297 par\n|move|p2a: Umbreon|Wish|p2a: Umbreon\n|\n|upkeep\n|turn|47\n|\n|t:|1782766909\n|switch|p2a: Ceruledge|Ceruledge, L78, F|245/245\n|move|p1a: Jirachi|Iron Head|p2a: Ceruledge\n|-resisted|p2a: Ceruledge\n|-damage|p2a: Ceruledge|202/245\n|-ability|p2a: Ceruledge|Weak Armor|boost\n|-unboost|p2a: Ceruledge|def|1\n|-boost|p2a: Ceruledge|spe|2\n|\n|-heal|p2a: Ceruledge|245/245|[from] move: Wish|[wisher] Umbreon\n|upkeep\n|turn|48\n|\n|t:|1782766920\n|move|p2a: Ceruledge|Swords Dance|p2a: Ceruledge\n|-boost|p2a: Ceruledge|atk|2\n|move|p1a: Jirachi|Iron Head|p2a: Ceruledge\n|-resisted|p2a: Ceruledge\n|-damage|p2a: Ceruledge|173/245\n|-ability|p2a: Ceruledge|Weak Armor|boost\n|-unboost|p2a: Ceruledge|def|1\n|-boost|p2a: Ceruledge|spe|2\n|\n|upkeep\n|turn|49\n|\n|t:|1782766948\n|move|p2a: Ceruledge|Swords Dance|p2a: Ceruledge\n|-boost|p2a: Ceruledge|atk|2\n|move|p1a: Jirachi|Iron Head|p2a: Ceruledge\n|-resisted|p2a: Ceruledge\n|-damage|p2a: Ceruledge|88/245\n|-ability|p2a: Ceruledge|Weak Armor|boost\n|-unboost|p2a: Ceruledge|def|1\n|-boost|p2a: Ceruledge|spe|2\n|\n|upkeep\n|turn|50\n|\n|t:|1782766956\n|move|p2a: Ceruledge|Poltergeist|p1a: Jirachi\n|-activate|p1a: Jirachi|move: Poltergeist|Leftovers\n|-crit|p1a: Jirachi\n|-damage|p1a: Jirachi|0 fnt\n|faint|p1a: Jirachi\n|\n|upkeep\n|\n|t:|1782766961\n|switch|p1a: Roaring Moon|Roaring Moon, L72|187/270\n|turn|51\n|\n|t:|1782766969\n|move|p2a: Ceruledge|Bitter Blade|p1a: Roaring Moon\n|-resisted|p1a: Roaring Moon\n|-damage|p1a: Roaring Moon|0 fnt\n|-heal|p2a: Ceruledge|182/245|[from] drain|[of] p1a: Roaring Moon\n|faint|p1a: Roaring Moon\n|-end|p1a: Roaring Moon|Protosynthesis|[silent]\n|\n|win|nanobananas\n|raw|dk_rise214's rating: 1570 &rarr; <strong>1551</strong><br />(-19 for losing)\n|raw|nanobananas's rating: 1581 &rarr; <strong>1600</strong><br />(+19 for winning)\n|l|\u203ddk_rise214\n|player|p1|\n", "inputlog": ">version f8ac14003a5f27e1bdc8d8c59608a773c1cb96e5\n>start {\"formatid\":\"gen9randombattle\",\"seed\":\"sodium,8c9d093a92a25e0dc5553a2a04d15482\",\"rated\":\"Rated battle\"}\n>player p1 {\"name\":\"dk_rise214\",\"avatar\":\"1\",\"rating\":1570,\"seed\":\"sodium,d1b41002ea63bd63cba59f9da9c373d8\"}\n>player p2 {\"name\":\"nanobananas\",\"avatar\":\"266\",\"rating\":1581,\"seed\":\"sodium,66d21e52f713db0bf45fcdc6b82e07e0\"}\n>p1 switch 2\n>p2 move bulkup\n>p1 move knockoff\n>p2 move bulkup\n>p1 switch 6\n>p2 move bulkup\n>p1 move curse\n>p2 move drainpunch\n>p1 move recover\n>p2 move ragefist\n>p1 move curse\n>p2 move bulkup\n>p1 move curse\n>p2 move ragefist\n>p1 move recover\n>p2 move ragefist\n>p1 switch 3\n>p1 move psychic\n>p2 move ragefist\n>chat \u2606nanobananas|bs\n>p2 switch 3\n>p1 switch 6\n>p2 move weatherball\n>p1 switch 2\n>p1 move bodyslam terastallize\n>p2 move weatherball\n>p1 move stealthrock\n>p2 move weatherball\n>p1 move ironhead\n>p2 move weatherball\n>p1 move ironhead\n>p2 move weatherball\n>p1 move ironhead\n>p2 switch 4\n>p1 move uturn\n>p2 move leechseed\n>p1 switch 4\n>p2 switch 4\n>p1 move earthquake\n>p2 move weatherball\n>p2 switch 5\n>p1 move earthquake\n>p2 move foulplay\n>p1 move earthquake\n>p2 move protect\n>p1 move earthquake\n>p2 move foulplay\n>p1 switch 6\n>p1 move flamecharge\n>p2 move wish\n>p1 move flamecharge\n>p2 move protect\n>p1 move flamecharge\n>p2 move wish\n>p1 move sunsteelstrike\n>p2 move protect\n>p1 move sunsteelstrike\n>p2 move foulplay\n>p1 switch 4\n>p1 move bodyslam\n>p2 move toxic\n>p1 move ironhead\n>p2 move wish\n>p1 move ironhead\n>p2 move foulplay\n>p1 move ironhead\n>p2 move wish\n>p1 move ironhead\n>p2 move wish\n>p1 move ironhead\n>p2 move protect\n>p1 move ironhead\n>p2 move foulplay\n>p1 move ironhead\n>p2 move foulplay\n>p1 move ironhead\n>p2 move foulplay\n>p1 move ironhead\n>p2 move foulplay\n>p1 move ironhead\n>p2 move foulplay\n>p1 move ironhead\n>p2 move wish\n>p1 move ironhead\n>p2 move wish\n>p1 move ironhead\n>p2 move wish\n>p1 move ironhead\n>p2 move foulplay\n>p1 move ironhead\n>p2 move wish\n>p1 move uturn\n>p2 move foulplay\n>p1 switch 5\n>p1 move knockoff\n>p2 move toxic\n>p1 switch 5\n>p2 move toxic\n>p1 move ironhead\n>p2 move wish\n>p1 move ironhead\n>p2 move wish\n>p1 move ironhead\n>p2 switch 6\n>p1 move ironhead\n>p2 move swordsdance\n>p1 move ironhead\n>p2 move swordsdance\n>p1 move ironhead\n>p2 move poltergeist\n>p1 switch 5\n>p1 move dragondance\n>p2 move bitterblade", "uploadtime": 1782766978, "views": 8, "formatid": "gen9randombattle", "rating": 1551, "private": 0, "password": null, "player_dets": [{"name": "dk_rise214", "avatar": "1", "rating": 1570, "seed": "sodium,d1b41002ea63bd63cba59f9da9c373d8"}, {"name": "nanobananas", "avatar": "266", "rating": 1581, "seed": "sodium,66d21e52f713db0bf45fcdc6b82e07e0"}], "teams_full": [{"Jirachi": {"name": "Jirachi", "species": "Jirachi", "speciesId": "jirachi", "gender": "N", "shiny": false, "level": 80, "moves": ["stealthrock", "bodyslam", "ironhead", "uturn"], "ability": "Serene Grace", "evs": {"hp": 85, "atk": 85, "def": 85, "spa": 85, "spd": 85, "spe": 85}, "ivs": {"hp": 31, "atk": 31, "def": 31, "spa": 31, "spd": 31, "spe": 31}, "item": "Leftovers", "teraType": "Water", "role": "Bulky Attacker", "bvs": {"hp": 100, "atk": 100, "def": 100, "spa": 100, "spd": 100, "spe": 100}, "stats": {"hp": 291, "atk": 206, "def": 206, "spa": 206, "spd": 206, "spe": 206}, "types": ["Steel", "Psychic"]}, "Conkeldurr": {"name": "Conkeldurr", "species": "Conkeldurr", "speciesId": "conkeldurr", "gender": "M", "shiny": false, "level": 80, "moves": ["machpunch", "facade", "knockoff", "closecombat"], "ability": "Guts", "evs": {"hp": 85, "atk": 85, "def": 85, "spa": 85, "spd": 85, "spe": 85}, "ivs": {"hp": 31, "atk": 31, "def": 31, "spa": 31, "spd": 31, "spe": 31}, "item": "Flame Orb", "teraType": "Normal", "role": "Wallbreaker", "bvs": {"hp": 105, "atk": 140, "def": 95, "spa": 55, "spd": 65, "spe": 45}, "stats": {"hp": 299, "atk": 270, "def": 198, "spa": 134, "spd": 150, "spe": 118}, "types": ["Fighting"]}, "Solgaleo": {"name": "Solgaleo", "species": "Solgaleo", "speciesId": "solgaleo", "gender": "N", "shiny": false, "level": 74, "moves": ["psychic", "flamecharge", "closecombat", "sunsteelstrike"], "ability": "Full Metal Body", "evs": {"hp": 85, "atk": 85, "def": 85, "spa": 85, "spd": 85, "spe": 85}, "ivs": {"hp": 31, "atk": 31, "def": 31, "spa": 31, "spd": 31, "spe": 31}, "item": "Weakness Policy", "teraType": "Fighting", "role": "Bulky Setup", "bvs": {"hp": 137, "atk": 137, "def": 107, "spa": 113, "spd": 89, "spe": 97}, "stats": {"hp": 325, "atk": 246, "def": 201, "spa": 210, "spd": 175, "spe": 187}, "types": ["Psychic", "Steel"]}, "Dugtrio": {"name": "Dugtrio", "species": "Dugtrio", "speciesId": "dugtrio", "gender": "M", "shiny": false, "level": 84, "moves": ["suckerpunch", "stoneedge", "earthquake", "throatchop"], "ability": "Arena Trap", "evs": {"hp": 85, "atk": 85, "def": 85, "spa": 85, "spd": 85, "spe": 85}, "ivs": {"hp": 31, "atk": 31, "def": 31, "spa": 31, "spd": 31, "spe": 31}, "item": "Choice Band", "teraType": "Ground", "role": "Wallbreaker", "bvs": {"hp": 35, "atk": 100, "def": 50, "spa": 50, "spd": 70, "spe": 120}, "stats": {"hp": 196, "atk": 216, "def": 132, "spa": 132, "spd": 166, "spe": 250}, "types": ["Ground"]}, "Roaring Moon": {"name": "Roaring Moon", "species": "Roaring Moon", "speciesId": "roaringmoon", "gender": "N", "shiny": false, "level": 72, "moves": ["dragondance", "knockoff", "ironhead", "outrage"], "ability": "Protosynthesis", "evs": {"hp": 85, "atk": 85, "def": 85, "spa": 85, "spd": 85, "spe": 85}, "ivs": {"hp": 31, "atk": 31, "def": 31, "spa": 31, "spd": 31, "spe": 31}, "item": "Lum Berry", "teraType": "Dragon", "role": "Setup Sweeper", "bvs": {"hp": 105, "atk": 139, "def": 71, "spa": 55, "spd": 101, "spe": 119}, "stats": {"hp": 270, "atk": 242, "def": 144, "spa": 121, "spd": 187, "spe": 213}, "types": ["Dragon", "Dark"]}, "Pincurchin": {"name": "Pincurchin", "species": "Pincurchin", "speciesId": "pincurchin", "gender": "F", "shiny": false, "level": 100, "moves": ["liquidation", "recover", "zingzap", "curse"], "ability": "Electric Surge", "evs": {"hp": 85, "atk": 85, "def": 85, "spa": 85, "spd": 85, "spe": 85}, "ivs": {"hp": 31, "atk": 31, "def": 31, "spa": 31, "spd": 31, "spe": 31}, "item": "Leftovers", "teraType": "Grass", "role": "Bulky Setup", "bvs": {"hp": 48, "atk": 101, "def": 95, "spa": 91, "spd": 85, "spe": 15}, "stats": {"hp": 258, "atk": 259, "def": 247, "spa": 239, "spd": 227, "spe": 87}, "types": ["Electric"]}}, {"Annihilape": {"name": "Annihilape", "species": "Annihilape", "speciesId": "annihilape", "gender": "M", "shiny": false, "level": 76, "moves": ["ragefist", "bulkup", "rest", "drainpunch"], "ability": "Defiant", "evs": {"hp": 85, "atk": 85, "def": 85, "spa": 85, "spd": 85, "spe": 85}, "ivs": {"hp": 31, "atk": 31, "def": 31, "spa": 31, "spd": 31, "spe": 31}, "item": "Chesto Berry", "teraType": "Ghost", "role": "Bulky Setup", "bvs": {"hp": 110, "atk": 115, "def": 80, "spa": 50, "spd": 90, "spe": 90}, "stats": {"hp": 292, "atk": 219, "def": 166, "spa": 120, "spd": 181, "spe": 181}, "types": ["Fighting", "Ghost"]}, "Ting-Lu": {"name": "Ting-Lu", "species": "Ting-Lu", "speciesId": "tinglu", "gender": "N", "shiny": false, "level": 78, "moves": ["spikes", "throatchop", "stealthrock", "earthquake"], "ability": "Vessel of Ruin", "evs": {"hp": 85, "atk": 85, "def": 85, "spa": 85, "spd": 85, "spe": 85}, "ivs": {"hp": 31, "atk": 31, "def": 31, "spa": 31, "spd": 31, "spe": 31}, "item": "Leftovers", "teraType": "Poison", "role": "Bulky Support", "bvs": {"hp": 155, "atk": 110, "def": 125, "spa": 55, "spd": 80, "spe": 45}, "stats": {"hp": 370, "atk": 217, "def": 240, "spa": 131, "spd": 170, "spe": 115}, "types": ["Dark", "Ground"]}, "Politoed": {"name": "Politoed", "species": "Politoed", "speciesId": "politoed", "gender": "M", "shiny": false, "level": 88, "moves": ["hydropump", "weatherball", "focusblast", "icebeam"], "ability": "Drizzle", "evs": {"hp": 85, "atk": 0, "def": 85, "spa": 85, "spd": 85, "spe": 85}, "ivs": {"hp": 31, "atk": 0, "def": 31, "spa": 31, "spd": 31, "spe": 31}, "item": "Choice Specs", "teraType": "Water", "role": "Fast Attacker", "bvs": {"hp": 90, "atk": 75, "def": 75, "spa": 90, "spd": 100, "spe": 70}, "stats": {"hp": 302, "atk": 137, "def": 182, "spa": 209, "spd": 226, "spe": 173}, "types": ["Water"]}, "Exeggutor": {"name": "Exeggutor", "species": "Exeggutor", "speciesId": "exeggutor", "gender": "M", "shiny": false, "level": 89, "moves": ["psychicnoise", "protect", "substitute", "leechseed"], "ability": "Harvest", "evs": {"hp": 77, "atk": 0, "def": 85, "spa": 85, "spd": 85, "spe": 85}, "ivs": {"hp": 31, "atk": 0, "def": 31, "spa": 31, "spd": 31, "spe": 31}, "item": "Sitrus Berry", "teraType": "Steel", "role": "Bulky Attacker", "bvs": {"hp": 95, "atk": 95, "def": 85, "spa": 125, "spd": 75, "spe": 55}, "stats": {"hp": 312, "atk": 174, "def": 202, "spa": 273, "spd": 184, "spe": 149}, "types": ["Grass", "Psychic"]}, "Umbreon": {"name": "Umbreon", "species": "Umbreon", "speciesId": "umbreon", "gender": "F", "shiny": false, "level": 84, "moves": ["toxic", "foulplay", "wish", "protect"], "ability": "Synchronize", "evs": {"hp": 85, "atk": 0, "def": 85, "spa": 85, "spd": 85, "spe": 85}, "ivs": {"hp": 31, "atk": 0, "def": 31, "spa": 31, "spd": 31, "spe": 31}, "item": "Leftovers", "teraType": "Poison", "role": "Bulky Support", "bvs": {"hp": 95, "atk": 65, "def": 110, "spa": 60, "spd": 130, "spe": 65}, "stats": {"hp": 297, "atk": 114, "def": 233, "spa": 149, "spd": 267, "spe": 157}, "types": ["Dark"]}, "Ceruledge": {"name": "Ceruledge", "species": "Ceruledge", "speciesId": "ceruledge", "gender": "F", "shiny": false, "level": 78, "moves": ["swordsdance", "shadowsneak", "bitterblade", "poltergeist"], "ability": "Weak Armor", "evs": {"hp": 85, "atk": 85, "def": 85, "spa": 85, "spd": 85, "spe": 85}, "ivs": {"hp": 31, "atk": 31, "def": 31, "spa": 31, "spd": 31, "spe": 31}, "item": "Heavy-Duty Boots", "teraType": "Ghost", "role": "Setup Sweeper", "bvs": {"hp": 75, "atk": 125, "def": 80, "spa": 60, "spd": 100, "spe": 85}, "stats": {"hp": 245, "atk": 240, "def": 170, "spa": 139, "spd": 201, "spe": 178}, "types": ["Fire", "Ghost"]}}]}