{"id": "gen9randombattle-2641502592", "format": "[Gen 9] Random Battle", "players": ["Dewist", "smgwr"], "log": "|j|\u2606Dewist\n|j|\u2606smgwr\n|t:|1782795809\n|gametype|singles\n|player|p1|Dewist|sabrina|1844\n|player|p2|smgwr|266|1909\n|gen|9\n|tier|[Gen 9] Random Battle\n|rated|\n|rule|Species Clause: Limit one of each Pok\u00e9mon\n|rule|HP Percentage Mod: HP is shown in percentages\n|rule|Sleep Clause Mod: Limit one foe put to sleep\n|rule|Illusion Level Mod: Illusion disguises the Pok\u00e9mon's true level\n|\n|t:|1782795809\n|teamsize|p1|6\n|teamsize|p2|6\n|start\n|switch|p1a: Zarude|Zarude, L77|288/288\n|switch|p2a: Scizor|Scizor, L79, M|240/240\n|turn|1\n|inactive|Battle timer is ON: inactive players will automatically lose when time's up. (requested by smgwr)\n|\n|t:|1782795820\n|move|p1a: Zarude|U-turn|p2a: Scizor\n|-resisted|p2a: Scizor\n|-damage|p2a: Scizor|218/240\n|\n|t:|1782795828\n|switch|p1a: Kricketune|Kricketune, L99, M|312/312|[from] U-turn\n|move|p2a: Scizor|U-turn|p1a: Kricketune\n|-damage|p1a: Kricketune|152/312\n|\n|t:|1782795835\n|switch|p2a: Drifblim|Drifblim, L86, F|396/396|[from] U-turn\n|\n|upkeep\n|turn|2\n|\n|t:|1782795843\n|switch|p1a: Iron Thorns|Iron Thorns, L83|302/302\n|-item|p1a: Iron Thorns|Air Balloon\n|move|p2a: Drifblim|Air Slash|p1a: Iron Thorns\n|-resisted|p1a: Iron Thorns\n|-damage|p1a: Iron Thorns|281/302\n|-enditem|p1a: Iron Thorns|Air Balloon\n|\n|upkeep\n|turn|3\n|\n|t:|1782795856\n|move|p2a: Drifblim|Strength Sap|p1a: Iron Thorns\n|-unboost|p1a: Iron Thorns|atk|1\n|move|p1a: Iron Thorns|Spikes|p2a: Drifblim\n|-sidestart|p2: smgwr|Spikes\n|\n|upkeep\n|turn|4\n|\n|t:|1782795863\n|switch|p2a: Corviknight|Corviknight, L80, F|288/288\n|move|p1a: Iron Thorns|Spikes|p2a: Corviknight\n|-sidestart|p2: smgwr|Spikes\n|\n|upkeep\n|turn|5\n|\n|t:|1782795867\n|-end|p1a: Iron Thorns|Quark Drive|[silent]\n|switch|p1a: Walking Wake|Walking Wake, L79|286/286\n|move|p2a: Corviknight|Defog|p1a: Walking Wake\n|-unboost|p1a: Walking Wake|evasion|1\n|-sideend|p2: smgwr|Spikes|[from] move: Defog|[of] p2a: Corviknight\n|\n|upkeep\n|turn|6\n|\n|t:|1782795876\n|switch|p2a: Politoed|Politoed, L88, F|302/302\n|-weather|RainDance|[from] ability: Drizzle|[of] p2a: Politoed\n|move|p1a: Walking Wake|Flamethrower|p2a: Politoed\n|-resisted|p2a: Politoed\n|-damage|p2a: Politoed|280/302\n|\n|-weather|RainDance|[upkeep]\n|upkeep\n|turn|7\n|\n|t:|1782795884\n|-end|p1a: Walking Wake|Protosynthesis|[silent]\n|switch|p1a: Articuno|Articuno, L86|295/295\n|-ability|p1a: Articuno|Pressure\n|move|p2a: Politoed|Hypnosis|p1a: Articuno\n|-status|p1a: Articuno|slp|[from] move: Hypnosis\n|\n|-weather|RainDance|[upkeep]\n|upkeep\n|turn|8\n|\n|t:|1782795894\n|switch|p2a: Scizor|Scizor, L79, M|218/240\n|cant|p1a: Articuno|slp\n|\n|-weather|RainDance|[upkeep]\n|upkeep\n|turn|9\n|\n|t:|1782795909\n|move|p2a: Scizor|Bullet Punch|p1a: Articuno\n|-supereffective|p1a: Articuno\n|-damage|p1a: Articuno|95/295 slp\n|cant|p1a: Articuno|slp\n|\n|-weather|RainDance|[upkeep]\n|upkeep\n|turn|10\n|\n|t:|1782795913\n|move|p2a: Scizor|Bullet Punch|p1a: Articuno\n|-supereffective|p1a: Articuno\n|-damage|p1a: Articuno|0 fnt\n|faint|p1a: Articuno\n|\n|-weather|none\n|upkeep\n|\n|t:|1782795916\n|switch|p1a: Walking Wake|Walking Wake, L79|286/286\n|turn|11\n|\n|t:|1782795920\n|switch|p2a: Politoed|Politoed, L88, F|280/302\n|-weather|RainDance|[from] ability: Drizzle|[of] p2a: Politoed\n|move|p1a: Walking Wake|Hydro Pump|p2a: Politoed\n|-resisted|p2a: Politoed\n|-damage|p2a: Politoed|161/302\n|\n|-weather|RainDance|[upkeep]\n|upkeep\n|turn|12\n|\n|t:|1782795932\n|move|p1a: Walking Wake|Hydro Pump|p2a: Politoed\n|-resisted|p2a: Politoed\n|-damage|p2a: Politoed|35/302\n|move|p2a: Politoed|Hypnosis|p1a: Walking Wake|[miss]\n|-miss|p2a: Politoed|p1a: Walking Wake\n|\n|-weather|RainDance|[upkeep]\n|upkeep\n|turn|13\n|\n|t:|1782795941\n|move|p1a: Walking Wake|Hydro Pump|p2a: Politoed\n|-resisted|p2a: Politoed\n|-damage|p2a: Politoed|0 fnt\n|faint|p2a: Politoed\n|\n|-weather|RainDance|[upkeep]\n|upkeep\n|\n|t:|1782795945\n|switch|p2a: Drifblim|Drifblim, L86, F|396/396\n|turn|14\n|\n|t:|1782795955\n|move|p1a: Walking Wake|Hydro Pump|p2a: Drifblim\n|-damage|p2a: Drifblim|29/396\n|-enditem|p2a: Drifblim|Sitrus Berry|[eat]\n|-heal|p2a: Drifblim|128/396|[from] item: Sitrus Berry\n|move|p2a: Drifblim|Air Slash|p1a: Walking Wake\n|-damage|p1a: Walking Wake|196/286\n|\n|-weather|RainDance|[upkeep]\n|upkeep\n|turn|15\n|\n|t:|1782795965\n|move|p2a: Drifblim|Air Slash|p1a: Walking Wake\n|-damage|p1a: Walking Wake|115/286\n|move|p1a: Walking Wake|Hydro Pump|p2a: Drifblim\n|-damage|p2a: Drifblim|0 fnt\n|faint|p2a: Drifblim\n|\n|-weather|none\n|upkeep\n|\n|t:|1782795971\n|switch|p2a: Spidops|Spidops, L96, F|271/271\n|turn|16\n|\n|t:|1782795976\n|-end|p1a: Walking Wake|Protosynthesis|[silent]\n|switch|p1a: Kricketune|Kricketune, L99, M|152/312\n|move|p2a: Spidops|Sticky Web|p1a: Kricketune\n|-sidestart|p1: Dewist|move: Sticky Web\n|\n|upkeep\n|turn|17\n|\n|t:|1782795982\n|move|p1a: Kricketune|Sticky Web|p2a: Spidops\n|-sidestart|p2: smgwr|move: Sticky Web\n|move|p2a: Spidops|Spikes|p1a: Kricketune\n|-sidestart|p1: Dewist|Spikes\n|\n|upkeep\n|turn|18\n|\n|t:|1782795985\n|move|p1a: Kricketune|Taunt|p2a: Spidops\n|-start|p2a: Spidops|move: Taunt\n|cant|p2a: Spidops|move: Taunt|Spikes\n|\n|upkeep\n|turn|19\n|\n|t:|1782795989\n|move|p1a: Kricketune|Pounce|p2a: Spidops\n|-damage|p2a: Spidops|187/271\n|-unboost|p2a: Spidops|spe|1\n|move|p2a: Spidops|U-turn|p1a: Kricketune\n|-damage|p1a: Kricketune|56/312\n|\n|t:|1782795995\n|switch|p2a: Hydreigon|Hydreigon, L79, M|275/275|[from] U-turn\n|\n|upkeep\n|turn|20\n|\n|t:|1782796000\n|move|p2a: Hydreigon|Dark Pulse|p1a: Kricketune\n|-damage|p1a: Kricketune|0 fnt\n|faint|p1a: Kricketune\n|-damage|p2a: Hydreigon|248/275|[from] item: Life Orb\n|\n|upkeep\n|\n|t:|1782796004\n|switch|p1a: Zarude|Zarude, L77|288/288\n|-activate|p1a: Zarude|move: Sticky Web\n|-unboost|p1a: Zarude|spe|1\n|-damage|p1a: Zarude|252/288|[from] Spikes\n|turn|21\n|\n|t:|1782796013\n|switch|p2a: Spidops|Spidops, L96, F|187/271\n|move|p1a: Zarude|U-turn|p2a: Spidops\n|-damage|p2a: Spidops|141/271\n|\n|t:|1782796017\n|switch|p1a: Salamence|Salamence, L77, F|273/273|[from] U-turn\n|-ability|p1a: Salamence|Intimidate|boost\n|-unboost|p2a: Spidops|atk|1\n|\n|upkeep\n|turn|22\n|\n|t:|1782796024\n|move|p1a: Salamence|Dual Wingbeat|p2a: Spidops\n|-supereffective|p2a: Spidops\n|-damage|p2a: Spidops|63/271\n|-supereffective|p2a: Spidops\n|-damage|p2a: Spidops|0 fnt\n|faint|p2a: Spidops\n|-hitcount|p2: Spidops|2\n|\n|upkeep\n|\n|t:|1782796029\n|switch|p2a: Corviknight|Corviknight, L80, F|288/288\n|turn|23\n|\n|t:|1782796035\n|switch|p1a: Iron Thorns|Iron Thorns, L83|281/302\n|-activate|p1a: Iron Thorns|move: Sticky Web\n|-unboost|p1a: Iron Thorns|spe|1\n|-damage|p1a: Iron Thorns|244/302|[from] Spikes\n|move|p2a: Corviknight|Brave Bird|p1a: Iron Thorns\n|-resisted|p1a: Iron Thorns\n|-damage|p1a: Iron Thorns|220/302\n|-damage|p2a: Corviknight|280/288|[from] Recoil\n|\n|-heal|p2a: Corviknight|288/288|[from] item: Leftovers\n|upkeep\n|turn|24\n|\n|t:|1782796045\n|move|p2a: Corviknight|Body Press|p1a: Iron Thorns\n|-supereffective|p1a: Iron Thorns\n|-damage|p1a: Iron Thorns|126/302\n|move|p1a: Iron Thorns|Wild Charge|p2a: Corviknight\n|-supereffective|p2a: Corviknight\n|-damage|p2a: Corviknight|76/288\n|-damage|p1a: Iron Thorns|73/302|[from] Recoil\n|\n|-heal|p2a: Corviknight|94/288|[from] item: Leftovers\n|upkeep\n|turn|25\n|\n|t:|1782796052\n|move|p2a: Corviknight|Body Press|p1a: Iron Thorns\n|-supereffective|p1a: Iron Thorns\n|-damage|p1a: Iron Thorns|0 fnt\n|faint|p1a: Iron Thorns\n|-end|p1a: Iron Thorns|Quark Drive|[silent]\n|\n|-heal|p2a: Corviknight|112/288|[from] item: Leftovers\n|upkeep\n|\n|t:|1782796068\n|switch|p1a: Salamence|Salamence, L77, F|273/273\n|-ability|p1a: Salamence|Intimidate|boost\n|-ability|p2a: Corviknight|Mirror Armor\n|-unboost|p1a: Salamence|atk|1\n|turn|26\n|\n|t:|1782796075\n|move|p1a: Salamence|Dragon Dance|p1a: Salamence\n|-boost|p1a: Salamence|atk|1\n|-boost|p1a: Salamence|spe|1\n|move|p2a: Corviknight|Roost|p2a: Corviknight\n|-heal|p2a: Corviknight|256/288\n|-singleturn|p2a: Corviknight|move: Roost\n|\n|-heal|p2a: Corviknight|274/288|[from] item: Leftovers\n|upkeep\n|turn|27\n|\n|t:|1782796081\n|move|p1a: Salamence|Dragon Dance|p1a: Salamence\n|-boost|p1a: Salamence|atk|1\n|-boost|p1a: Salamence|spe|1\n|move|p2a: Corviknight|Brave Bird|p1a: Salamence\n|-damage|p1a: Salamence|152/273\n|-damage|p2a: Corviknight|234/288|[from] Recoil\n|\n|-heal|p2a: Corviknight|252/288|[from] item: Leftovers\n|upkeep\n|turn|28\n|\n|t:|1782796091\n|move|p1a: Salamence|Dragon Dance|p1a: Salamence\n|-boost|p1a: Salamence|atk|1\n|-boost|p1a: Salamence|spe|1\n|move|p2a: Corviknight|Brave Bird|p1a: Salamence\n|-damage|p1a: Salamence|23/273\n|-damage|p2a: Corviknight|209/288|[from] Recoil\n|\n|-heal|p2a: Corviknight|227/288|[from] item: Leftovers\n|upkeep\n|turn|29\n|\n|t:|1782796097\n|move|p1a: Salamence|Roost|p1a: Salamence\n|-heal|p1a: Salamence|160/273\n|-singleturn|p1a: Salamence|move: Roost\n|move|p2a: Corviknight|Brave Bird|p1a: Salamence\n|-damage|p1a: Salamence|37/273\n|-damage|p2a: Corviknight|186/288|[from] Recoil\n|\n|-heal|p2a: Corviknight|204/288|[from] item: Leftovers\n|upkeep\n|turn|30\n|\n|t:|1782796106\n|move|p1a: Salamence|Roost|p1a: Salamence\n|-heal|p1a: Salamence|174/273\n|-singleturn|p1a: Salamence|move: Roost\n|move|p2a: Corviknight|Brave Bird|p1a: Salamence\n|-damage|p1a: Salamence|53/273\n|-damage|p2a: Corviknight|164/288|[from] Recoil\n|\n|-heal|p2a: Corviknight|182/288|[from] item: Leftovers\n|upkeep\n|turn|31\n|\n|t:|1782796110\n|move|p1a: Salamence|Roost|p1a: Salamence\n|-heal|p1a: Salamence|190/273\n|-singleturn|p1a: Salamence|move: Roost\n|move|p2a: Corviknight|Roost|p2a: Corviknight\n|-heal|p2a: Corviknight|288/288\n|-singleturn|p2a: Corviknight|move: Roost\n|\n|upkeep\n|turn|32\n|\n|t:|1782796115\n|move|p1a: Salamence|Dragon Dance|p1a: Salamence\n|-boost|p1a: Salamence|atk|1\n|-boost|p1a: Salamence|spe|1\n|move|p2a: Corviknight|Brave Bird|p1a: Salamence\n|-damage|p1a: Salamence|61/273\n|-damage|p2a: Corviknight|245/288|[from] Recoil\n|\n|-heal|p2a: Corviknight|263/288|[from] item: Leftovers\n|upkeep\n|turn|33\n|\n|t:|1782796120\n|move|p1a: Salamence|Roost|p1a: Salamence\n|-heal|p1a: Salamence|198/273\n|-singleturn|p1a: Salamence|move: Roost\n|move|p2a: Corviknight|Brave Bird|p1a: Salamence\n|-damage|p1a: Salamence|78/273\n|-damage|p2a: Corviknight|223/288|[from] Recoil\n|\n|-heal|p2a: Corviknight|241/288|[from] item: Leftovers\n|upkeep\n|turn|34\n|\n|t:|1782796126\n|move|p1a: Salamence|Roost|p1a: Salamence\n|-heal|p1a: Salamence|215/273\n|-singleturn|p1a: Salamence|move: Roost\n|move|p2a: Corviknight|Brave Bird|p1a: Salamence\n|-damage|p1a: Salamence|94/273\n|-damage|p2a: Corviknight|201/288|[from] Recoil\n|\n|-heal|p2a: Corviknight|219/288|[from] item: Leftovers\n|upkeep\n|turn|35\n|\n|t:|1782796131\n|move|p1a: Salamence|Roost|p1a: Salamence\n|-heal|p1a: Salamence|231/273\n|-singleturn|p1a: Salamence|move: Roost\n|move|p2a: Corviknight|Brave Bird|p1a: Salamence\n|-damage|p1a: Salamence|113/273\n|-damage|p2a: Corviknight|180/288|[from] Recoil\n|\n|-heal|p2a: Corviknight|198/288|[from] item: Leftovers\n|upkeep\n|turn|36\n|\n|t:|1782796136\n|move|p1a: Salamence|Roost|p1a: Salamence\n|-heal|p1a: Salamence|250/273\n|-singleturn|p1a: Salamence|move: Roost\n|move|p2a: Corviknight|Roost|p2a: Corviknight\n|-heal|p2a: Corviknight|288/288\n|-singleturn|p2a: Corviknight|move: Roost\n|\n|upkeep\n|turn|37\n|\n|t:|1782796146\n|move|p1a: Salamence|Dragon Dance|p1a: Salamence\n|-boost|p1a: Salamence|atk|1\n|-boost|p1a: Salamence|spe|1\n|move|p2a: Corviknight|Brave Bird|p1a: Salamence\n|-damage|p1a: Salamence|130/273\n|-damage|p2a: Corviknight|248/288|[from] Recoil\n|\n|-heal|p2a: Corviknight|266/288|[from] item: Leftovers\n|upkeep\n|turn|38\n|\n|t:|1782796160\n|move|p1a: Salamence|Roost|p1a: Salamence\n|-heal|p1a: Salamence|267/273\n|-singleturn|p1a: Salamence|move: Roost\n|move|p2a: Corviknight|Brave Bird|p1a: Salamence\n|-damage|p1a: Salamence|140/273\n|-damage|p2a: Corviknight|224/288|[from] Recoil\n|\n|-heal|p2a: Corviknight|242/288|[from] item: Leftovers\n|upkeep\n|turn|39\n|\n|t:|1782796174\n|-terastallize|p1a: Salamence|Dragon\n|move|p1a: Salamence|Outrage|p2a: Corviknight\n|-resisted|p2a: Corviknight\n|-damage|p2a: Corviknight|8/288\n|move|p2a: Corviknight|Brave Bird|p1a: Salamence\n|-damage|p1a: Salamence|13/273\n|-damage|p2a: Corviknight|0 fnt|[from] Recoil\n|faint|p2a: Corviknight\n|\n|upkeep\n|\n|t:|1782796182\n|switch|p2a: Scizor|Scizor, L79, M|218/240\n|-activate|p2a: Scizor|move: Sticky Web\n|-unboost|p2a: Scizor|spe|1\n|turn|40\n|\n|t:|1782796184\n|move|p2a: Scizor|Bullet Punch|p1a: Salamence\n|-damage|p1a: Salamence|0 fnt\n|faint|p1a: Salamence\n|\n|upkeep\n|\n|t:|1782796193\n|switch|p1a: Walking Wake|Walking Wake, L79|115/286\n|-activate|p1a: Walking Wake|move: Sticky Web\n|-unboost|p1a: Walking Wake|spe|1\n|-damage|p1a: Walking Wake|80/286|[from] Spikes\n|turn|41\n|\n|t:|1782796215\n|move|p2a: Scizor|Bullet Punch|p1a: Walking Wake\n|-resisted|p1a: Walking Wake\n|-damage|p1a: Walking Wake|26/286\n|move|p1a: Walking Wake|Flamethrower|p2a: Scizor\n|-supereffective|p2a: Scizor\n|-damage|p2a: Scizor|0 fnt\n|faint|p2a: Scizor\n|\n|upkeep\n|\n|t:|1782796218\n|switch|p2a: Hydreigon|Hydreigon, L79, M|248/275\n|turn|42\n|\n|t:|1782796225\n|move|p2a: Hydreigon|Dark Pulse|p1a: Walking Wake\n|-damage|p1a: Walking Wake|0 fnt\n|faint|p1a: Walking Wake\n|-end|p1a: Walking Wake|Protosynthesis|[silent]\n|-damage|p2a: Hydreigon|221/275|[from] item: Life Orb\n|\n|upkeep\n|\n|t:|1782796228\n|switch|p1a: Zarude|Zarude, L77|252/288\n|-activate|p1a: Zarude|move: Sticky Web\n|-unboost|p1a: Zarude|spe|1\n|-damage|p1a: Zarude|216/288|[from] Spikes\n|turn|43\n|\n|t:|1782796235\n|-terastallize|p2a: Hydreigon|Dragon\n|move|p1a: Zarude|Close Combat|p2a: Hydreigon\n|-damage|p2a: Hydreigon|131/275\n|-unboost|p1a: Zarude|def|1\n|-unboost|p1a: Zarude|spd|1\n|move|p2a: Hydreigon|Draco Meteor|p1a: Zarude\n|-damage|p1a: Zarude|0 fnt\n|-unboost|p2a: Hydreigon|spa|2\n|faint|p1a: Zarude\n|-damage|p2a: Hydreigon|104/275|[from] item: Life Orb\n|\n|win|smgwr\n|raw|Dewist's rating: 1844 &rarr; <strong>1828</strong><br />(-16 for losing)\n|raw|smgwr's rating: 1909 &rarr; <strong>1925</strong><br />(+16 for winning)\n", "inputlog": ">version f8ac14003a5f27e1bdc8d8c59608a773c1cb96e5\n>start {\"formatid\":\"gen9randombattle\",\"seed\":\"sodium,9c99aac74a147aca0c992a2875624f55\",\"rated\":\"Rated battle\"}\n>player p1 {\"name\":\"Dewist\",\"avatar\":\"sabrina\",\"rating\":1844,\"seed\":\"sodium,c94899ddaea9a10172b47c3b7c9aef89\"}\n>player p2 {\"name\":\"smgwr\",\"avatar\":\"266\",\"rating\":1909,\"seed\":\"sodium,49860541aaae9d718f9e224c590517b0\"}\n>p1 move uturn\n>p2 move uturn\n>p1 switch 6\n>p2 switch 4\n>p1 switch 4\n>p2 move airslash\n>p1 move spikes\n>p2 move strengthsap\n>p1 move spikes\n>p2 switch 2\n>p1 switch 2\n>p2 move defog\n>p1 move flamethrower\n>p2 switch 5\n>p1 switch 3\n>p2 move hypnosis\n>p1 move freezedry\n>p2 switch 4\n>p1 move bravebird\n>p2 move bulletpunch\n>p1 move bravebird\n>p2 move bulletpunch\n>p1 switch 3\n>p1 move hydropump\n>p2 switch 4\n>p1 move hydropump\n>p2 move hypnosis\n>p1 move hydropump\n>p2 move hypnosis\n>p2 switch 2\n>p1 move hydropump\n>p2 move airslash\n>p1 move hydropump\n>p2 move airslash\n>p2 switch 6\n>p1 switch 4\n>p2 move stickyweb\n>p1 move stickyweb\n>p2 move spikes\n>p1 move taunt\n>p2 move spikes\n>p1 move pounce\n>p2 move uturn\n>p2 switch 3\n>p1 move pounce\n>p2 move darkpulse\n>p1 switch 6\n>p1 move uturn\n>p2 switch 3\n>p1 switch 5\n>p1 move dualwingbeat\n>p2 move circlethrow\n>p2 switch 5\n>p1 switch 2\n>p2 move bravebird\n>p1 move wildcharge\n>p2 move bodypress\n>p1 move wildcharge\n>p2 move bodypress\n>p1 switch 2\n>p1 move dragondance\n>p2 move roost\n>p1 move dragondance\n>p2 move bravebird\n>p1 move dragondance\n>p2 move bravebird\n>p1 move roost\n>p2 move bravebird\n>p1 move roost\n>p2 move bravebird\n>p1 move roost\n>p2 move roost\n>p1 move dragondance\n>p2 move bravebird\n>p1 move roost\n>p2 move bravebird\n>p1 move roost\n>p2 move bravebird\n>p1 move roost\n>p2 move bravebird\n>p1 move roost\n>p2 move roost\n>p1 move dragondance\n>p2 move bravebird\n>p1 move roost\n>p2 move bravebird\n>p1 move outrage terastallize\n>p2 move bravebird\n>p2 switch 4\n>p1 move outrage\n>p2 move bulletpunch\n>p1 switch 4\n>p1 move flamethrower\n>p2 move bulletpunch\n>p2 switch 3\n>p1 move flamethrower\n>p2 move darkpulse\n>p1 switch 5\n>p1 move closecombat\n>p2 move dracometeor terastallize", "uploadtime": 1782796235, "views": 3, "formatid": "gen9randombattle", "rating": 1828, "private": 0, "password": null, "player_dets": [{"name": "Dewist", "avatar": "sabrina", "rating": 1844, "seed": "sodium,c94899ddaea9a10172b47c3b7c9aef89"}, {"name": "smgwr", "avatar": "266", "rating": 1909, "seed": "sodium,49860541aaae9d718f9e224c590517b0"}], "teams_full": [{"Zarude": {"name": "Zarude", "species": "Zarude", "speciesId": "zarude", "gender": "N", "shiny": false, "level": 77, "moves": ["knockoff", "closecombat", "powerwhip", "uturn"], "ability": "Leaf Guard", "evs": {"hp": 85, "atk": 85, "def": 85, "spa": 85, "spd": 85, "spe": 85}, "ivs": {"hp": 31, "atk": 31, "def": 31, "spa": 31, "spd": 31, "spe": 31}, "item": "Choice Scarf", "teraType": "Grass", "role": "Fast Attacker", "bvs": {"hp": 105, "atk": 120, "def": 105, "spa": 70, "spd": 95, "spe": 105}, "stats": {"hp": 288, "atk": 229, "def": 206, "spa": 152, "spd": 191, "spe": 206}, "types": ["Dark", "Grass"]}, "Walking Wake": {"name": "Walking Wake", "species": "Walking Wake", "speciesId": "walkingwake", "gender": "N", "shiny": false, "level": 79, "moves": ["dracometeor", "flamethrower", "hydropump", "flipturn"], "ability": "Protosynthesis", "evs": {"hp": 85, "atk": 85, "def": 85, "spa": 85, "spd": 85, "spe": 85}, "ivs": {"hp": 31, "atk": 31, "def": 31, "spa": 31, "spd": 31, "spe": 31}, "item": "Choice Specs", "teraType": "Fire", "role": "Wallbreaker", "bvs": {"hp": 99, "atk": 83, "def": 91, "spa": 125, "spd": 83, "spe": 109}, "stats": {"hp": 286, "atk": 177, "def": 189, "spa": 243, "spd": 177, "spe": 218}, "types": ["Water", "Dragon"]}, "Articuno": {"name": "Articuno", "species": "Articuno", "speciesId": "articuno", "gender": "N", "shiny": false, "level": 86, "moves": ["bravebird", "freezedry", "roost", "substitute"], "ability": "Pressure", "evs": {"hp": 85, "atk": 85, "def": 85, "spa": 85, "spd": 85, "spe": 85}, "ivs": {"hp": 31, "atk": 31, "def": 31, "spa": 31, "spd": 31, "spe": 31}, "item": "Heavy-Duty Boots", "teraType": "Steel", "role": "Bulky Support", "bvs": {"hp": 90, "atk": 85, "def": 100, "spa": 95, "spd": 125, "spe": 85}, "stats": {"hp": 295, "atk": 195, "def": 221, "spa": 213, "spd": 264, "spe": 195}, "types": ["Ice", "Flying"]}, "Iron Thorns": {"name": "Iron Thorns", "species": "Iron Thorns", "speciesId": "ironthorns", "gender": "N", "shiny": false, "level": 83, "moves": ["icepunch", "spikes", "stoneedge", "wildcharge"], "ability": "Quark Drive", "evs": {"hp": 85, "atk": 85, "def": 85, "spa": 85, "spd": 85, "spe": 85}, "ivs": {"hp": 31, "atk": 31, "def": 31, "spa": 31, "spd": 31, "spe": 31}, "item": "Air Balloon", "teraType": "Water", "role": "Fast Support", "bvs": {"hp": 100, "atk": 134, "def": 110, "spa": 70, "spd": 84, "spe": 72}, "stats": {"hp": 302, "atk": 270, "def": 230, "spa": 164, "spd": 187, "spe": 167}, "types": ["Rock", "Electric"]}, "Salamence": {"name": "Salamence", "species": "Salamence", "speciesId": "salamence", "gender": "F", "shiny": false, "level": 77, "moves": ["outrage", "dualwingbeat", "dragondance", "roost"], "ability": "Intimidate", "evs": {"hp": 85, "atk": 85, "def": 85, "spa": 85, "spd": 85, "spe": 85}, "ivs": {"hp": 31, "atk": 31, "def": 31, "spa": 31, "spd": 31, "spe": 31}, "item": "Heavy-Duty Boots", "teraType": "Dragon", "role": "Setup Sweeper", "bvs": {"hp": 95, "atk": 135, "def": 80, "spa": 110, "spd": 80, "spe": 100}, "stats": {"hp": 273, "atk": 252, "def": 168, "spa": 214, "spd": 168, "spe": 199}, "types": ["Dragon", "Flying"]}, "Kricketune": {"name": "Kricketune", "species": "Kricketune", "speciesId": "kricketune", "gender": "M", "shiny": false, "level": 99, "moves": ["stickyweb", "pounce", "taunt", "knockoff"], "ability": "Technician", "evs": {"hp": 85, "atk": 85, "def": 85, "spa": 85, "spd": 85, "spe": 85}, "ivs": {"hp": 31, "atk": 31, "def": 31, "spa": 31, "spd": 31, "spe": 31}, "item": "Heavy-Duty Boots", "teraType": "Ghost", "role": "Fast Support", "bvs": {"hp": 77, "atk": 85, "def": 51, "spa": 55, "spd": 51, "spe": 65}, "stats": {"hp": 312, "atk": 224, "def": 157, "spa": 165, "spd": 157, "spe": 185}, "types": ["Bug"]}}, {"Scizor": {"name": "Scizor", "species": "Scizor", "speciesId": "scizor", "gender": "M", "shiny": false, "level": 79, "moves": ["bulletpunch", "closecombat", "uturn", "knockoff"], "ability": "Technician", "evs": {"hp": 85, "atk": 85, "def": 85, "spa": 85, "spd": 85, "spe": 85}, "ivs": {"hp": 31, "atk": 31, "def": 31, "spa": 31, "spd": 31, "spe": 31}, "item": "Choice Band", "teraType": "Steel", "role": "Wallbreaker", "bvs": {"hp": 70, "atk": 130, "def": 100, "spa": 55, "spd": 80, "spe": 65}, "stats": {"hp": 240, "atk": 251, "def": 204, "spa": 132, "spd": 172, "spe": 148}, "types": ["Bug", "Steel"]}, "Corviknight": {"name": "Corviknight", "species": "Corviknight", "speciesId": "corviknight", "gender": "F", "shiny": false, "level": 80, "moves": ["bodypress", "roost", "bravebird", "defog"], "ability": "Mirror Armor", "evs": {"hp": 85, "atk": 85, "def": 85, "spa": 85, "spd": 85, "spe": 85}, "ivs": {"hp": 31, "atk": 31, "def": 31, "spa": 31, "spd": 31, "spe": 31}, "item": "Leftovers", "teraType": "Dragon", "role": "Bulky Support", "bvs": {"hp": 98, "atk": 87, "def": 105, "spa": 53, "spd": 85, "spe": 67}, "stats": {"hp": 288, "atk": 185, "def": 214, "spa": 131, "spd": 182, "spe": 153}, "types": ["Flying", "Steel"]}, "Hydreigon": {"name": "Hydreigon", "species": "Hydreigon", "speciesId": "hydreigon", "gender": "M", "shiny": false, "level": 79, "moves": ["dracometeor", "flashcannon", "darkpulse", "nastyplot"], "ability": "Levitate", "evs": {"hp": 85, "atk": 0, "def": 85, "spa": 85, "spd": 85, "spe": 85}, "ivs": {"hp": 31, "atk": 0, "def": 31, "spa": 31, "spd": 31, "spe": 31}, "item": "Life Orb", "teraType": "Dragon", "role": "Fast Attacker", "bvs": {"hp": 92, "atk": 105, "def": 90, "spa": 125, "spd": 90, "spe": 98}, "stats": {"hp": 275, "atk": 170, "def": 188, "spa": 243, "spd": 188, "spe": 200}, "types": ["Dark", "Dragon"]}, "Drifblim": {"name": "Drifblim", "species": "Drifblim", "speciesId": "drifblim", "gender": "F", "shiny": false, "level": 86, "moves": ["strengthsap", "shadowball", "airslash", "calmmind"], "ability": "Unburden", "evs": {"hp": 73, "atk": 0, "def": 85, "spa": 85, "spd": 85, "spe": 85}, "ivs": {"hp": 31, "atk": 0, "def": 31, "spa": 31, "spd": 31, "spe": 31}, "item": "Sitrus Berry", "teraType": "Dark", "role": "Bulky Attacker", "bvs": {"hp": 150, "atk": 80, "def": 44, "spa": 90, "spd": 54, "spe": 80}, "stats": {"hp": 396, "atk": 142, "def": 125, "spa": 204, "spd": 142, "spe": 187}, "types": ["Ghost", "Flying"]}, "Politoed": {"name": "Politoed", "species": "Politoed", "speciesId": "politoed", "gender": "F", "shiny": false, "level": 88, "moves": ["icebeam", "rest", "hypnosis", "surf"], "ability": "Drizzle", "evs": {"hp": 85, "atk": 0, "def": 85, "spa": 85, "spd": 85, "spe": 85}, "ivs": {"hp": 31, "atk": 0, "def": 31, "spa": 31, "spd": 31, "spe": 31}, "item": "Chesto Berry", "teraType": "Water", "role": "Bulky Attacker", "bvs": {"hp": 90, "atk": 75, "def": 75, "spa": 90, "spd": 100, "spe": 70}, "stats": {"hp": 302, "atk": 137, "def": 182, "spa": 209, "spd": 226, "spe": 173}, "types": ["Water"]}, "Spidops": {"name": "Spidops", "species": "Spidops", "speciesId": "spidops", "gender": "F", "shiny": false, "level": 96, "moves": ["uturn", "spikes", "stickyweb", "circlethrow"], "ability": "Stakeout", "evs": {"hp": 85, "atk": 85, "def": 85, "spa": 85, "spd": 85, "spe": 85}, "ivs": {"hp": 31, "atk": 31, "def": 31, "spa": 31, "spd": 31, "spe": 31}, "item": "Heavy-Duty Boots", "teraType": "Ghost", "role": "Bulky Support", "bvs": {"hp": 60, "atk": 79, "def": 92, "spa": 52, "spd": 86, "spe": 35}, "stats": {"hp": 271, "atk": 206, "def": 231, "spa": 154, "spd": 220, "spe": 122}, "types": ["Bug"]}}]}