{"id": "gen9randombattle-2641648913", "format": "[Gen 9] Random Battle", "players": ["rields121", "AGILE419"], "log": "|j|\u2606rields121\n|j|\u2606AGILE419\n|t:|1782824690\n|gametype|singles\n|player|p1|rields121|169|2180\n|player|p2|AGILE419|2|2256\n|gen|9\n|tier|[Gen 9] Random Battle\n|rated|\n|rule|Species Clause: Limit one of each Pok\u00e9mon\n|rule|HP Percentage Mod: HP is shown in percentages\n|rule|Sleep Clause Mod: Limit one foe put to sleep\n|rule|Illusion Level Mod: Illusion disguises the Pok\u00e9mon's true level\n|\n|t:|1782824690\n|teamsize|p1|6\n|teamsize|p2|6\n|start\n|switch|p1a: Dodrio|Dodrio, L85, M|241/241\n|switch|p2a: Milotic|Milotic, L83, F|293/293\n|turn|1\n|\n|t:|1782824719\n|switch|p1a: Empoleon|Empoleon, L84, M|278/278\n|move|p2a: Milotic|Scald|p1a: Empoleon\n|-resisted|p1a: Empoleon\n|-crit|p1a: Empoleon\n|-damage|p1a: Empoleon|216/278\n|\n|-heal|p1a: Empoleon|233/278|[from] item: Leftovers\n|upkeep\n|turn|2\n|inactive|Battle timer is ON: inactive players will automatically lose when time's up. (requested by rields121)\n|\n|t:|1782824726\n|move|p2a: Milotic|Scald|p1a: Empoleon\n|-resisted|p1a: Empoleon\n|-damage|p1a: Empoleon|192/278\n|-status|p1a: Empoleon|brn\n|move|p1a: Empoleon|Stealth Rock|p2a: Milotic\n|-sidestart|p2: AGILE419|move: Stealth Rock\n|\n|-heal|p1a: Empoleon|209/278 brn|[from] item: Leftovers\n|-damage|p1a: Empoleon|192/278 brn|[from] brn\n|upkeep\n|turn|3\n|\n|t:|1782824748\n|move|p2a: Milotic|Scald|p1a: Empoleon\n|-resisted|p1a: Empoleon\n|-damage|p1a: Empoleon|155/278 brn\n|move|p1a: Empoleon|Knock Off|p2a: Milotic\n|-damage|p2a: Milotic|260/293\n|-enditem|p2a: Milotic|Leftovers|[from] move: Knock Off|[of] p1a: Empoleon\n|\n|-heal|p1a: Empoleon|172/278 brn|[from] item: Leftovers\n|-damage|p1a: Empoleon|155/278 brn|[from] brn\n|upkeep\n|turn|4\n|\n|t:|1782824754\n|switch|p2a: Muk|Muk, L86, M|321/321\n|-damage|p2a: Muk|281/321|[from] Stealth Rock\n|move|p1a: Empoleon|Roost|p1a: Empoleon\n|-heal|p1a: Empoleon|278/278 brn\n|-singleturn|p1a: Empoleon|move: Roost\n|\n|-heal|p2a: Muk|301/321|[from] item: Leftovers\n|-damage|p1a: Empoleon|261/278 brn|[from] brn\n|upkeep\n|turn|5\n|\n|t:|1782824761\n|switch|p1a: Spidops|Spidops, L96, M|271/271\n|move|p2a: Muk|Knock Off|p1a: Spidops\n|-damage|p1a: Spidops|205/271\n|-enditem|p1a: Spidops|Heavy-Duty Boots|[from] move: Knock Off|[of] p2a: Muk\n|\n|-heal|p2a: Muk|321/321|[from] item: Leftovers\n|upkeep\n|turn|6\n|\n|t:|1782824767\n|move|p2a: Muk|Poison Jab|p1a: Spidops\n|-damage|p1a: Spidops|123/271\n|move|p1a: Spidops|Sticky Web|p2a: Muk\n|-sidestart|p2: AGILE419|move: Sticky Web\n|\n|upkeep\n|turn|7\n|\n|t:|1782824769\n|move|p2a: Muk|Poison Jab|p1a: Spidops\n|-damage|p1a: Spidops|44/271\n|-status|p1a: Spidops|psn\n|move|p1a: Spidops|Toxic Spikes|p2a: Muk\n|-sidestart|p2: AGILE419|move: Toxic Spikes\n|\n|-damage|p1a: Spidops|11/271 psn|[from] psn\n|upkeep\n|turn|8\n|\n|t:|1782824775\n|switch|p1a: Empoleon|Empoleon, L84, M|261/278 brn\n|move|p2a: Muk|Poison Jab|p1a: Empoleon\n|-immune|p1a: Empoleon\n|\n|-heal|p1a: Empoleon|278/278 brn|[from] item: Leftovers\n|-damage|p1a: Empoleon|261/278 brn|[from] brn\n|upkeep\n|turn|9\n|\n|t:|1782824780\n|move|p1a: Empoleon|Knock Off|p2a: Muk\n|-damage|p2a: Muk|289/321\n|-enditem|p2a: Muk|Leftovers|[from] move: Knock Off|[of] p1a: Empoleon\n|move|p2a: Muk|Knock Off|p1a: Empoleon\n|-damage|p1a: Empoleon|184/278 brn\n|-enditem|p1a: Empoleon|Leftovers|[from] move: Knock Off|[of] p2a: Muk\n|\n|-damage|p1a: Empoleon|167/278 brn|[from] brn\n|upkeep\n|turn|10\n|\n|t:|1782824784\n|move|p1a: Empoleon|Roost|p1a: Empoleon\n|-heal|p1a: Empoleon|278/278 brn\n|-singleturn|p1a: Empoleon|move: Roost\n|move|p2a: Muk|Drain Punch|p1a: Empoleon\n|-supereffective|p1a: Empoleon\n|-damage|p1a: Empoleon|154/278 brn\n|-heal|p2a: Muk|321/321|[from] drain|[of] p1a: Empoleon\n|\n|-damage|p1a: Empoleon|137/278 brn|[from] brn\n|upkeep\n|turn|11\n|\n|t:|1782824787\n|switch|p1a: Uxie|Uxie, L83|260/260\n|move|p2a: Muk|Poison Jab|p1a: Uxie\n|-damage|p1a: Uxie|193/260\n|-status|p1a: Uxie|psn\n|\n|-heal|p1a: Uxie|209/260 psn|[from] item: Leftovers\n|-damage|p1a: Uxie|177/260 psn|[from] psn\n|upkeep\n|turn|12\n|\n|t:|1782824794\n|switch|p2a: Umbreon|Umbreon, L84, F|297/297\n|-damage|p2a: Umbreon|260/297|[from] Stealth Rock\n|-activate|p2a: Umbreon|move: Sticky Web\n|-unboost|p2a: Umbreon|spe|1\n|-status|p2a: Umbreon|psn\n|move|p1a: Uxie|Psychic Noise|p2a: Umbreon\n|-immune|p2a: Umbreon\n|\n|-heal|p1a: Uxie|193/260 psn|[from] item: Leftovers\n|-heal|p2a: Umbreon|278/297 psn|[from] item: Leftovers\n|-damage|p1a: Uxie|161/260 psn|[from] psn\n|-damage|p2a: Umbreon|241/297 psn|[from] psn\n|upkeep\n|turn|13\n|\n|t:|1782824799\n|move|p1a: Uxie|U-turn|p2a: Umbreon\n|-supereffective|p2a: Umbreon\n|-damage|p2a: Umbreon|169/297 psn\n|\n|t:|1782824812\n|switch|p1a: Snorlax|Snorlax, L82, M|397/397|[from] U-turn\n|move|p2a: Umbreon|Foul Play|p1a: Snorlax\n|-damage|p1a: Snorlax|258/397\n|\n|-heal|p2a: Umbreon|187/297 psn|[from] item: Leftovers\n|-heal|p1a: Snorlax|282/397|[from] item: Leftovers\n|-damage|p2a: Umbreon|150/297 psn|[from] psn\n|upkeep\n|turn|14\n|\n|t:|1782824819\n|move|p2a: Umbreon|Foul Play|p1a: Snorlax\n|-damage|p1a: Snorlax|143/397\n|move|p1a: Snorlax|Curse|p1a: Snorlax\n|-unboost|p1a: Snorlax|spe|1\n|-boost|p1a: Snorlax|atk|1\n|-boost|p1a: Snorlax|def|1\n|\n|-heal|p2a: Umbreon|168/297 psn|[from] item: Leftovers\n|-heal|p1a: Snorlax|167/397|[from] item: Leftovers\n|-damage|p2a: Umbreon|131/297 psn|[from] psn\n|upkeep\n|turn|15\n|\n|t:|1782824827\n|move|p2a: Umbreon|Foul Play|p1a: Snorlax\n|-damage|p1a: Snorlax|28/397\n|move|p1a: Snorlax|Rest|p1a: Snorlax\n|-status|p1a: Snorlax|slp|[from] move: Rest\n|-heal|p1a: Snorlax|397/397 slp|[silent]\n|\n|-heal|p2a: Umbreon|149/297 psn|[from] item: Leftovers\n|-damage|p2a: Umbreon|112/297 psn|[from] psn\n|upkeep\n|turn|16\n|\n|t:|1782824831\n|move|p2a: Umbreon|Foul Play|p1a: Snorlax\n|-damage|p1a: Snorlax|247/397 slp\n|cant|p1a: Snorlax|slp\n|move|p1a: Snorlax|Sleep Talk|p1a: Snorlax\n|move|p1a: Snorlax|Curse|p1a: Snorlax|[from] move: Sleep Talk\n|-unboost|p1a: Snorlax|spe|1\n|-boost|p1a: Snorlax|atk|1\n|-boost|p1a: Snorlax|def|1\n|\n|-heal|p2a: Umbreon|130/297 psn|[from] item: Leftovers\n|-heal|p1a: Snorlax|271/397 slp|[from] item: Leftovers\n|-damage|p2a: Umbreon|93/297 psn|[from] psn\n|upkeep\n|turn|17\n|\n|t:|1782824838\n|move|p2a: Umbreon|Foul Play|p1a: Snorlax\n|-damage|p1a: Snorlax|121/397 slp\n|cant|p1a: Snorlax|slp\n|move|p1a: Snorlax|Sleep Talk|p1a: Snorlax\n|move|p1a: Snorlax|Body Slam|p2a: Umbreon|[from] move: Sleep Talk\n|-damage|p2a: Umbreon|0 fnt\n|faint|p2a: Umbreon\n|\n|-heal|p1a: Snorlax|145/397 slp|[from] item: Leftovers\n|upkeep\n|\n|t:|1782824840\n|switch|p2a: Muk|Muk, L86, M|321/321\n|-damage|p2a: Muk|281/321|[from] Stealth Rock\n|-activate|p2a: Muk|move: Sticky Web\n|-unboost|p2a: Muk|spe|1\n|-sideend|p2: AGILE419|move: Toxic Spikes|[of] p2a: Muk\n|turn|18\n|\n|t:|1782824847\n|move|p2a: Muk|Haze|p2a: Muk\n|-clearallboost\n|-curestatus|p1a: Snorlax|slp|[msg]\n|move|p1a: Snorlax|Rest|p1a: Snorlax\n|-status|p1a: Snorlax|slp|[from] move: Rest\n|-heal|p1a: Snorlax|397/397 slp|[silent]\n|\n|upkeep\n|turn|19\n|\n|t:|1782824850\n|move|p2a: Muk|Knock Off|p1a: Snorlax\n|-crit|p1a: Snorlax\n|-damage|p1a: Snorlax|251/397 slp\n|-enditem|p1a: Snorlax|Leftovers|[from] move: Knock Off|[of] p2a: Muk\n|cant|p1a: Snorlax|slp\n|\n|upkeep\n|turn|20\n|\n|t:|1782824855\n|move|p2a: Muk|Knock Off|p1a: Snorlax\n|-damage|p1a: Snorlax|184/397 slp\n|cant|p1a: Snorlax|slp\n|move|p1a: Snorlax|Sleep Talk|p1a: Snorlax\n|move|p1a: Snorlax|Rest||[from] move: Sleep Talk|[still]\n|-fail|p1a: Snorlax\n|\n|upkeep\n|turn|21\n|\n|t:|1782824862\n|move|p2a: Muk|Drain Punch|p1a: Snorlax\n|-supereffective|p1a: Snorlax\n|-damage|p1a: Snorlax|40/397 slp\n|-heal|p2a: Muk|321/321|[from] drain|[of] p1a: Snorlax\n|-curestatus|p1a: Snorlax|slp|[msg]\n|move|p1a: Snorlax|Curse|p1a: Snorlax\n|-unboost|p1a: Snorlax|spe|1\n|-boost|p1a: Snorlax|atk|1\n|-boost|p1a: Snorlax|def|1\n|\n|upkeep\n|turn|22\n|\n|t:|1782824869\n|move|p2a: Muk|Poison Jab|p1a: Snorlax\n|-damage|p1a: Snorlax|0 fnt\n|faint|p1a: Snorlax\n|\n|upkeep\n|\n|t:|1782824871\n|switch|p1a: Uxie|Uxie, L83|161/260 psn\n|turn|23\n|\n|t:|1782824874\n|switch|p2a: Volbeat|Volbeat, L90, M|263/263\n|move|p1a: Uxie|Psychic Noise|p2a: Volbeat\n|-damage|p2a: Volbeat|202/263\n|-start|p2a: Volbeat|move: Heal Block\n|\n|-heal|p1a: Uxie|177/260 psn|[from] item: Leftovers\n|-damage|p1a: Uxie|145/260 psn|[from] psn\n|upkeep\n|turn|24\n|\n|t:|1782824882\n|move|p2a: Volbeat|Encore|p1a: Uxie\n|-start|p1a: Uxie|Encore\n|move|p1a: Uxie|Psychic Noise|p2a: Volbeat\n|-damage|p2a: Volbeat|142/263\n|\n|-heal|p1a: Uxie|161/260 psn|[from] item: Leftovers\n|-damage|p1a: Uxie|129/260 psn|[from] psn\n|-end|p2a: Volbeat|move: Heal Block\n|upkeep\n|turn|25\n|\n|t:|1782824894\n|switch|p1a: Empoleon|Empoleon, L84, M|137/278 brn\n|move|p2a: Volbeat|Roost|p2a: Volbeat\n|-heal|p2a: Volbeat|263/263\n|-singleturn|p2a: Volbeat|move: Roost\n|\n|-damage|p1a: Empoleon|120/278 brn|[from] brn\n|upkeep\n|turn|26\n|\n|t:|1782824900\n|move|p2a: Volbeat|U-turn|p1a: Empoleon\n|-resisted|p1a: Empoleon\n|-damage|p1a: Empoleon|87/278 brn\n|\n|t:|1782824902\n|switch|p2a: Muk|Muk, L86, M|321/321|[from] U-turn\n|-damage|p2a: Muk|281/321|[from] Stealth Rock\n|-activate|p2a: Muk|move: Sticky Web\n|-unboost|p2a: Muk|spe|1\n|move|p1a: Empoleon|Roost|p1a: Empoleon\n|-heal|p1a: Empoleon|226/278 brn\n|-singleturn|p1a: Empoleon|move: Roost\n|\n|-damage|p1a: Empoleon|209/278 brn|[from] brn\n|upkeep\n|turn|27\n|\n|t:|1782824920\n|switch|p1a: Spidops|Spidops, L96, M|11/271 psn\n|move|p2a: Muk|Knock Off|p1a: Spidops\n|-damage|p1a: Spidops|0 fnt\n|faint|p1a: Spidops\n|\n|upkeep\n|\n|t:|1782824932\n|switch|p1a: Uxie|Uxie, L83|129/260 psn\n|turn|28\n|\n|t:|1782824937\n|switch|p2a: Milotic|Milotic, L83, F|260/293\n|-damage|p2a: Milotic|224/293|[from] Stealth Rock\n|-activate|p2a: Milotic|move: Sticky Web\n|-unboost|p2a: Milotic|spe|1\n|-ability|p2a: Milotic|Competitive|boost\n|-boost|p2a: Milotic|spa|2\n|move|p1a: Uxie|U-turn|p2a: Milotic\n|-damage|p2a: Milotic|178/293\n|\n|t:|1782824943\n|switch|p1a: Dodrio|Dodrio, L85, M|241/241|[from] U-turn\n|\n|upkeep\n|turn|29\n|\n|t:|1782824949\n|switch|p2a: Golem|Golem-Alola, L93, F|300/300\n|-damage|p2a: Golem|263/300|[from] Stealth Rock\n|-activate|p2a: Golem|move: Sticky Web\n|-unboost|p2a: Golem|spe|1\n|-terastallize|p1a: Dodrio|Normal\n|move|p1a: Dodrio|Double-Edge|p2a: Golem\n|-resisted|p2a: Golem\n|-damage|p2a: Golem|192/300\n|-damage|p1a: Dodrio|218/241|[from] Recoil\n|\n|upkeep\n|turn|30\n|\n|t:|1782824972\n|switch|p1a: Uxie|Uxie, L83|129/260 psn\n|move|p2a: Golem|Double-Edge|p1a: Uxie\n|-damage|p1a: Uxie|0 fnt\n|faint|p1a: Uxie\n|-damage|p2a: Golem|149/300|[from] Recoil\n|\n|upkeep\n|\n|t:|1782824976\n|switch|p1a: Tatsugiri|Tatsugiri, L87, F|260/260\n|turn|31\n|\n|t:|1782824982\n|move|p1a: Tatsugiri|Hydro Pump|p2a: Golem\n|-supereffective|p2a: Golem\n|-damage|p2a: Golem|0 fnt\n|faint|p2a: Golem\n|\n|upkeep\n|\n|t:|1782824984\n|switch|p2a: Volbeat|Volbeat, L90, M|263/263\n|turn|32\n|\n|t:|1782824989\n|switch|p1a: Empoleon|Empoleon, L84, M|209/278 brn\n|move|p2a: Volbeat|U-turn|p1a: Empoleon\n|-resisted|p1a: Empoleon\n|-damage|p1a: Empoleon|175/278 brn\n|\n|t:|1782824993\n|switch|p2a: Muk|Muk, L86, M|281/321|[from] U-turn\n|-damage|p2a: Muk|241/321|[from] Stealth Rock\n|-activate|p2a: Muk|move: Sticky Web\n|-unboost|p2a: Muk|spe|1\n|\n|-damage|p1a: Empoleon|158/278 brn|[from] brn\n|upkeep\n|turn|33\n|\n|t:|1782824999\n|move|p1a: Empoleon|Surf|p2a: Muk\n|-damage|p2a: Muk|151/321\n|move|p2a: Muk|Drain Punch|p1a: Empoleon\n|-supereffective|p1a: Empoleon\n|-damage|p1a: Empoleon|32/278 brn\n|-heal|p2a: Muk|214/321|[from] drain|[of] p1a: Empoleon\n|\n|-damage|p1a: Empoleon|15/278 brn|[from] brn\n|upkeep\n|turn|34\n|\n|t:|1782825003\n|move|p1a: Empoleon|Surf|p2a: Muk\n|-damage|p2a: Muk|118/321\n|move|p2a: Muk|Drain Punch|p1a: Empoleon\n|-supereffective|p1a: Empoleon\n|-damage|p1a: Empoleon|0 fnt\n|-heal|p2a: Muk|126/321|[from] drain|[of] p1a: Empoleon\n|faint|p1a: Empoleon\n|\n|upkeep\n|\n|t:|1782825008\n|switch|p1a: Dodrio|Dodrio, L85, M, tera:Normal|218/241\n|turn|35\n|\n|t:|1782825012\n|move|p1a: Dodrio|Swords Dance|p1a: Dodrio\n|-boost|p1a: Dodrio|atk|2\n|move|p2a: Muk|Poison Jab|p1a: Dodrio\n|-damage|p1a: Dodrio|113/241\n|\n|upkeep\n|turn|36\n|\n|t:|1782825016\n|move|p1a: Dodrio|Brave Bird|p2a: Muk\n|-damage|p2a: Muk|0 fnt\n|faint|p2a: Muk\n|-damage|p1a: Dodrio|71/241|[from] Recoil\n|\n|upkeep\n|\n|t:|1782825018\n|switch|p2a: Volbeat|Volbeat, L90, M|263/263\n|turn|37\n|\n|t:|1782825032\n|switch|p2a: Milotic|Milotic, L83, F|178/293\n|-damage|p2a: Milotic|142/293|[from] Stealth Rock\n|-activate|p2a: Milotic|move: Sticky Web\n|-unboost|p2a: Milotic|spe|1\n|-ability|p2a: Milotic|Competitive|boost\n|-boost|p2a: Milotic|spa|2\n|move|p1a: Dodrio|Brave Bird|p2a: Milotic\n|-damage|p2a: Milotic|0 fnt\n|faint|p2a: Milotic\n|-damage|p1a: Dodrio|24/241|[from] Recoil\n|\n|upkeep\n|\n|t:|1782825057\n|switch|p2a: Drifblim|Drifblim, L86, F|396/396\n|-damage|p2a: Drifblim|297/396|[from] Stealth Rock\n|turn|38\n|\n|t:|1782825063\n|-terastallize|p2a: Drifblim|Steel\n|move|p1a: Dodrio|Knock Off|p2a: Drifblim\n|-damage|p2a: Drifblim|72/396\n|-enditem|p2a: Drifblim|Sitrus Berry|[from] move: Knock Off|[of] p1a: Dodrio\n|move|p2a: Drifblim|Calm Mind|p2a: Drifblim\n|-boost|p2a: Drifblim|spa|1\n|-boost|p2a: Drifblim|spd|1\n|\n|upkeep\n|turn|39\n|\n|t:|1782825085\n|switch|p1a: Tatsugiri|Tatsugiri, L87, F|260/260\n|move|p2a: Drifblim|Strength Sap|p1a: Tatsugiri\n|-unboost|p1a: Tatsugiri|atk|1\n|-heal|p2a: Drifblim|209/396\n|\n|upkeep\n|turn|40\n|\n|t:|1782825091\n|move|p2a: Drifblim|Calm Mind|p2a: Drifblim\n|-boost|p2a: Drifblim|spa|1\n|-boost|p2a: Drifblim|spd|1\n|move|p1a: Tatsugiri|Nasty Plot|p1a: Tatsugiri\n|-boost|p1a: Tatsugiri|spa|2\n|\n|upkeep\n|turn|41\n|\n|t:|1782825095\n|move|p2a: Drifblim|Shadow Ball|p1a: Tatsugiri\n|-damage|p1a: Tatsugiri|98/260\n|move|p1a: Tatsugiri|Hydro Pump|p2a: Drifblim|[miss]\n|-miss|p1a: Tatsugiri|p2a: Drifblim\n|\n|upkeep\n|turn|42\n|\n|t:|1782825099\n|move|p2a: Drifblim|Shadow Ball|p1a: Tatsugiri\n|-crit|p1a: Tatsugiri\n|-damage|p1a: Tatsugiri|0 fnt\n|faint|p1a: Tatsugiri\n|\n|upkeep\n|-message|rields121 forfeited.\n|\n|win|AGILE419\n", "inputlog": ">version f8ac14003a5f27e1bdc8d8c59608a773c1cb96e5\n>start {\"formatid\":\"gen9randombattle\",\"seed\":\"sodium,ded58a3c665c3052a670f90d3966033c\",\"rated\":\"Rated battle\"}\n>player p1 {\"name\":\"rields121\",\"avatar\":\"169\",\"rating\":2180,\"seed\":\"sodium,dc53dd4d096a383a3a5873ed9166ec18\"}\n>player p2 {\"name\":\"AGILE419\",\"avatar\":\"2\",\"rating\":2256,\"seed\":\"sodium,b3fee8764c4033baa40d4d1da63cece3\"}\n>p1 switch 5\n>p2 move scald\n>p1 move stealthrock\n>p2 move scald\n>p1 move knockoff\n>p2 move scald\n>p1 move roost\n>p2 switch 2\n>p1 switch 6\n>p2 move knockoff\n>p1 move stickyweb\n>p2 move poisonjab\n>p1 move toxicspikes\n>p2 move poisonjab\n>p1 switch 6\n>p2 move poisonjab\n>p1 move knockoff\n>p2 move knockoff\n>p1 move roost\n>p2 move drainpunch\n>p1 switch 4\n>p2 move poisonjab\n>p1 move psychicnoise\n>p2 switch 6\n>p1 move uturn\n>p2 move foulplay\n>p1 switch 3\n>p1 move curse\n>p2 move foulplay\n>p1 move rest\n>p2 move foulplay\n>p1 move sleeptalk\n>p2 move foulplay\n>p1 move sleeptalk\n>p2 move foulplay\n>p2 switch 6\n>p1 move rest\n>p2 move haze\n>p1 move bodyslam\n>p2 move knockoff\n>p1 move sleeptalk\n>p2 move knockoff\n>p1 move curse\n>p2 move drainpunch\n>p1 move rest\n>p2 move poisonjab\n>p1 switch 3\n>p1 move psychicnoise\n>p2 switch 4\n>p1 move uturn\n>p2 move encore\n>p1 switch 4\n>p2 move roost\n>p1 move roost\n>p2 move uturn\n>p2 switch 4\n>p1 switch 6\n>p2 move knockoff\n>p1 switch 4\n>p1 move uturn\n>p2 switch 2\n>p1 switch 5\n>p1 move doubleedge terastallize\n>p2 switch 5\n>p1 switch 5\n>p2 move doubleedge\n>p1 switch 2\n>p1 move hydropump\n>p2 move doubleedge\n>p2 switch 4\n>p1 switch 6\n>p2 move uturn\n>p2 switch 2\n>p1 move surf\n>p2 move drainpunch\n>p1 move surf\n>p2 move drainpunch\n>p1 switch 5\n>p1 move swordsdance\n>p2 move poisonjab\n>p1 move bravebird\n>p2 move poisonjab\n>p2 switch 2\n>p1 move bravebird\n>p2 switch 5\n>p2 switch 3\n>p1 move knockoff\n>p2 move calmmind terastallize\n>p1 switch 6\n>p2 move strengthsap\n>p1 move nastyplot\n>p2 move calmmind\n>p1 move hydropump\n>p2 move shadowball\n>p1 move hydropump\n>p2 move shadowball\n>forcelose p1", "uploadtime": 1782824692, "views": 5, "formatid": "gen9randombattle", "rating": null, "private": 0, "password": null, "player_dets": [{"name": "rields121", "avatar": "169", "rating": 2180, "seed": "sodium,dc53dd4d096a383a3a5873ed9166ec18"}, {"name": "AGILE419", "avatar": "2", "rating": 2256, "seed": "sodium,b3fee8764c4033baa40d4d1da63cece3"}], "teams_full": [{"Dodrio": {"name": "Dodrio", "species": "Dodrio", "speciesId": "dodrio", "gender": "M", "shiny": false, "level": 85, "moves": ["doubleedge", "bravebird", "knockoff", "swordsdance"], "ability": "Early Bird", "evs": {"hp": 85, "atk": 85, "def": 85, "spa": 85, "spd": 85, "spe": 85}, "ivs": {"hp": 31, "atk": 31, "def": 31, "spa": 31, "spd": 31, "spe": 31}, "item": "Heavy-Duty Boots", "teraType": "Normal", "role": "Setup Sweeper", "bvs": {"hp": 60, "atk": 110, "def": 70, "spa": 60, "spd": 60, "spe": 110}, "stats": {"hp": 241, "atk": 236, "def": 168, "spa": 151, "spd": 151, "spe": 236}, "types": ["Normal", "Flying"]}, "Tatsugiri": {"name": "Tatsugiri", "species": "Tatsugiri", "speciesId": "tatsugiri", "gender": "F", "shiny": false, "level": 87, "moves": ["rapidspin", "nastyplot", "dracometeor", "hydropump"], "ability": "Storm Drain", "evs": {"hp": 85, "atk": 85, "def": 85, "spa": 85, "spd": 85, "spe": 85}, "ivs": {"hp": 31, "atk": 31, "def": 31, "spa": 31, "spd": 31, "spe": 31}, "item": "Heavy-Duty Boots", "teraType": "Steel", "role": "Fast Support", "bvs": {"hp": 68, "atk": 50, "def": 60, "spa": 120, "spd": 95, "spe": 82}, "stats": {"hp": 260, "atk": 137, "def": 154, "spa": 259, "spd": 215, "spe": 192}, "types": ["Dragon", "Water"]}, "Snorlax": {"name": "Snorlax", "species": "Snorlax", "speciesId": "snorlax", "gender": "M", "shiny": false, "level": 82, "moves": ["rest", "curse", "sleeptalk", "bodyslam"], "ability": "Thick Fat", "evs": {"hp": 85, "atk": 85, "def": 85, "spa": 85, "spd": 85, "spe": 85}, "ivs": {"hp": 31, "atk": 31, "def": 31, "spa": 31, "spd": 31, "spe": 31}, "item": "Leftovers", "teraType": "Poison", "role": "Bulky Attacker", "bvs": {"hp": 160, "atk": 110, "def": 65, "spa": 65, "spd": 110, "spe": 30}, "stats": {"hp": 397, "atk": 228, "def": 154, "spa": 154, "spd": 228, "spe": 96}, "types": ["Normal"]}, "Uxie": {"name": "Uxie", "species": "Uxie", "speciesId": "uxie", "gender": "N", "shiny": false, "level": 83, "moves": ["knockoff", "psychicnoise", "yawn", "uturn"], "ability": "Levitate", "evs": {"hp": 85, "atk": 85, "def": 85, "spa": 85, "spd": 85, "spe": 85}, "ivs": {"hp": 31, "atk": 31, "def": 31, "spa": 31, "spd": 31, "spe": 31}, "item": "Leftovers", "teraType": "Steel", "role": "Bulky Support", "bvs": {"hp": 75, "atk": 75, "def": 130, "spa": 75, "spd": 130, "spe": 95}, "stats": {"hp": 260, "atk": 172, "def": 263, "spa": 172, "spd": 263, "spe": 205}, "types": ["Psychic"]}, "Empoleon": {"name": "Empoleon", "species": "Empoleon", "speciesId": "empoleon", "gender": "M", "shiny": false, "level": 84, "moves": ["stealthrock", "knockoff", "roost", "surf"], "ability": "Competitive", "evs": {"hp": 85, "atk": 85, "def": 85, "spa": 85, "spd": 85, "spe": 85}, "ivs": {"hp": 31, "atk": 31, "def": 31, "spa": 31, "spd": 31, "spe": 31}, "item": "Leftovers", "teraType": "Flying", "role": "Bulky Support", "bvs": {"hp": 84, "atk": 86, "def": 88, "spa": 111, "spd": 101, "spe": 60}, "stats": {"hp": 278, "atk": 193, "def": 196, "spa": 235, "spd": 218, "spe": 149}, "types": ["Water", "Steel"]}, "Spidops": {"name": "Spidops", "species": "Spidops", "speciesId": "spidops", "gender": "M", "shiny": false, "level": 96, "moves": ["stickyweb", "knockoff", "toxicspikes", "uturn"], "ability": "Stakeout", "evs": {"hp": 85, "atk": 85, "def": 85, "spa": 85, "spd": 85, "spe": 85}, "ivs": {"hp": 31, "atk": 31, "def": 31, "spa": 31, "spd": 31, "spe": 31}, "item": "Heavy-Duty Boots", "teraType": "Ghost", "role": "Bulky Support", "bvs": {"hp": 60, "atk": 79, "def": 92, "spa": 52, "spd": 86, "spe": 35}, "stats": {"hp": 271, "atk": 206, "def": 231, "spa": 154, "spd": 220, "spe": 122}, "types": ["Bug"]}}, {"Milotic": {"name": "Milotic", "species": "Milotic", "speciesId": "milotic", "gender": "F", "shiny": false, "level": 83, "moves": ["recover", "scald", "haze", "icebeam"], "ability": "Competitive", "evs": {"hp": 85, "atk": 0, "def": 85, "spa": 85, "spd": 85, "spe": 85}, "ivs": {"hp": 31, "atk": 0, "def": 31, "spa": 31, "spd": 31, "spe": 31}, "item": "Leftovers", "teraType": "Steel", "role": "Bulky Attacker", "bvs": {"hp": 95, "atk": 60, "def": 79, "spa": 100, "spd": 125, "spe": 81}, "stats": {"hp": 293, "atk": 104, "def": 179, "spa": 214, "spd": 255, "spe": 182}, "types": ["Water"]}, "Muk": {"name": "Muk", "species": "Muk", "speciesId": "muk", "gender": "M", "shiny": false, "level": 86, "moves": ["haze", "poisonjab", "drainpunch", "knockoff"], "ability": "Poison Touch", "evs": {"hp": 85, "atk": 85, "def": 85, "spa": 85, "spd": 85, "spe": 85}, "ivs": {"hp": 31, "atk": 31, "def": 31, "spa": 31, "spd": 31, "spe": 31}, "item": "Leftovers", "teraType": "Dark", "role": "Bulky Attacker", "bvs": {"hp": 105, "atk": 105, "def": 75, "spa": 65, "spd": 100, "spe": 50}, "stats": {"hp": 321, "atk": 230, "def": 178, "spa": 161, "spd": 221, "spe": 135}, "types": ["Poison"]}, "Drifblim": {"name": "Drifblim", "species": "Drifblim", "speciesId": "drifblim", "gender": "F", "shiny": false, "level": 86, "moves": ["strengthsap", "calmmind", "shadowball", "airslash"], "ability": "Unburden", "evs": {"hp": 73, "atk": 0, "def": 85, "spa": 85, "spd": 85, "spe": 85}, "ivs": {"hp": 31, "atk": 0, "def": 31, "spa": 31, "spd": 31, "spe": 31}, "item": "Sitrus Berry", "teraType": "Steel", "role": "Bulky Attacker", "bvs": {"hp": 150, "atk": 80, "def": 44, "spa": 90, "spd": 54, "spe": 80}, "stats": {"hp": 396, "atk": 142, "def": 125, "spa": 204, "spd": 142, "spe": 187}, "types": ["Ghost", "Flying"]}, "Volbeat": {"name": "Volbeat", "species": "Volbeat", "speciesId": "volbeat", "gender": "M", "shiny": false, "level": 90, "moves": ["thunderwave", "uturn", "encore", "roost"], "ability": "Prankster", "evs": {"hp": 85, "atk": 85, "def": 85, "spa": 85, "spd": 85, "spe": 85}, "ivs": {"hp": 31, "atk": 31, "def": 31, "spa": 31, "spd": 31, "spe": 31}, "item": "Heavy-Duty Boots", "teraType": "Steel", "role": "Bulky Support", "bvs": {"hp": 65, "atk": 73, "def": 75, "spa": 47, "spd": 85, "spe": 85}, "stats": {"hp": 263, "atk": 183, "def": 186, "spa": 136, "spd": 204, "spe": 204}, "types": ["Bug"]}, "Golem": {"name": "Golem", "species": "Golem-Alola", "speciesId": "golemalola", "gender": "F", "shiny": false, "level": 93, "moves": ["doubleedge", "earthquake", "explosion", "stoneedge"], "ability": "Galvanize", "evs": {"hp": 85, "atk": 85, "def": 85, "spa": 85, "spd": 85, "spe": 85}, "ivs": {"hp": 31, "atk": 31, "def": 31, "spa": 31, "spd": 31, "spe": 31}, "item": "Choice Band", "teraType": "Electric", "role": "Wallbreaker", "bvs": {"hp": 80, "atk": 120, "def": 130, "spa": 55, "spd": 65, "spe": 45}, "stats": {"hp": 300, "atk": 276, "def": 295, "spa": 155, "spd": 174, "spe": 137}, "types": ["Rock", "Electric"]}, "Umbreon": {"name": "Umbreon", "species": "Umbreon", "speciesId": "umbreon", "gender": "F", "shiny": false, "level": 84, "moves": ["wish", "protect", "toxic", "foulplay"], "ability": "Synchronize", "evs": {"hp": 85, "atk": 0, "def": 85, "spa": 85, "spd": 85, "spe": 85}, "ivs": {"hp": 31, "atk": 0, "def": 31, "spa": 31, "spd": 31, "spe": 31}, "item": "Leftovers", "teraType": "Poison", "role": "Bulky Support", "bvs": {"hp": 95, "atk": 65, "def": 110, "spa": 60, "spd": 130, "spe": 65}, "stats": {"hp": 297, "atk": 114, "def": 233, "spa": 149, "spd": 267, "spe": 157}, "types": ["Dark"]}}]}