{"id": "gen9randombattle-2641463599", "format": "[Gen 9] Random Battle", "players": ["Broturtle", "pnm123"], "log": "|badge|p2|bronze|gen9randombattle|100-9\n|html|<div class=\"broadcast-red\"><strong>This battle is required to be public due to one or more player having a season medal.</strong><br />During the public phase, you can discuss the state of the ladder <a href=\"/seasondiscussion\">in a special chatroom.</a></div>\n|uhtml|medal-msg|<div class=\"broadcast-blue\">Curious what those medals under the avatar are? PS now has Ladder Seasons! For more information, check out the <a href=\"https://www.smogon.com/forums/threads/3740067/\">thread on Smogon.</a></div>\n|raw|<div class=\"broadcast-blue\"><strong>This battle is required to be public due to a player having a name starting with 'medal'.</div>\n|j|\u203dBroturtle\n|j|\u203dpnm123\n|t:|1782788716\n|gametype|singles\n|player|p1|Broturtle|170|2221\n|player|p2|pnm123|fisherman-gen4|2277\n|gen|9\n|tier|[Gen 9] Random Battle\n|rated|\n|rule|Species Clause: Limit one of each Pok\u00e9mon\n|rule|HP Percentage Mod: HP is shown in percentages\n|rule|Sleep Clause Mod: Limit one foe put to sleep\n|rule|Illusion Level Mod: Illusion disguises the Pok\u00e9mon's true level\n|\n|t:|1782788716\n|teamsize|p1|6\n|teamsize|p2|6\n|start\n|switch|p1a: Palkia|Palkia, L75|259/259\n|switch|p2a: Vikavolt|Vikavolt, L83, M|263/263\n|-ability|p1a: Palkia|Pressure\n|turn|1\n|inactive|Battle timer is ON: inactive players will automatically lose when time's up. (requested by pnm123)\n|\n|t:|1782788734\n|move|p1a: Palkia|Spacial Rend|p2a: Vikavolt\n|-crit|p2a: Vikavolt\n|-damage|p2a: Vikavolt|53/263\n|move|p2a: Vikavolt|Sticky Web|p1a: Palkia\n|-sidestart|p1: Broturtle|move: Sticky Web\n|\n|upkeep\n|turn|2\n|\n|t:|1782788739\n|switch|p2a: Vaporeon|Vaporeon, L86, F|364/364\n|move|p1a: Palkia|Spacial Rend|p2a: Vaporeon\n|-crit|p2a: Vaporeon\n|-damage|p2a: Vaporeon|183/364\n|\n|-heal|p2a: Vaporeon|205/364|[from] item: Leftovers\n|upkeep\n|turn|3\n|\n|t:|1782788754\n|switch|p1a: Virizion|Virizion, L82|283/283\n|-activate|p1a: Virizion|move: Sticky Web\n|-unboost|p1a: Virizion|spe|1\n|move|p2a: Vaporeon|Wish|p2a: Vaporeon\n|\n|-heal|p2a: Vaporeon|227/364|[from] item: Leftovers\n|upkeep\n|turn|4\n|\n|t:|1782788760\n|move|p2a: Vaporeon|Protect|p2a: Vaporeon\n|-singleturn|p2a: Vaporeon|Protect\n|move|p1a: Virizion|Swords Dance|p1a: Virizion\n|-boost|p1a: Virizion|atk|2\n|\n|-heal|p2a: Vaporeon|364/364|[from] move: Wish|[wisher] Vaporeon\n|upkeep\n|turn|5\n|\n|t:|1782788763\n|switch|p2a: Vikavolt|Vikavolt, L83, M|53/263\n|move|p1a: Virizion|Stone Edge|p2a: Vikavolt|[miss]\n|-miss|p1a: Virizion|p2a: Vikavolt\n|\n|upkeep\n|turn|6\n|\n|t:|1782788767\n|move|p1a: Virizion|Leaf Blade|p2a: Vikavolt\n|-resisted|p2a: Vikavolt\n|-damage|p2a: Vikavolt|0 fnt\n|faint|p2a: Vikavolt\n|-damage|p1a: Virizion|255/283|[from] item: Life Orb\n|\n|upkeep\n|\n|t:|1782788772\n|switch|p2a: Infernape|Infernape, L82, F|259/259\n|turn|7\n|\n|t:|1782788781\n|switch|p1a: Ho-Oh|Ho-Oh, L71|268/268\n|move|p2a: Infernape|Overheat|p1a: Ho-Oh|[miss]\n|-miss|p2a: Infernape|p1a: Ho-Oh\n|\n|upkeep\n|turn|8\n|\n|t:|1782788788\n|switch|p2a: Vaporeon|Vaporeon, L86, F|364/364\n|move|p1a: Ho-Oh|Earthquake|p2a: Vaporeon\n|-crit|p2a: Vaporeon\n|-damage|p2a: Vaporeon|230/364\n|\n|-heal|p2a: Vaporeon|252/364|[from] item: Leftovers\n|upkeep\n|turn|9\n|\n|t:|1782788792\n|move|p1a: Ho-Oh|Sacred Fire|p2a: Vaporeon\n|-resisted|p2a: Vaporeon\n|-damage|p2a: Vaporeon|190/364\n|-status|p2a: Vaporeon|brn\n|move|p2a: Vaporeon|Scald|p1a: Ho-Oh\n|-supereffective|p1a: Ho-Oh\n|-damage|p1a: Ho-Oh|122/268\n|\n|-heal|p2a: Vaporeon|212/364 brn|[from] item: Leftovers\n|-damage|p2a: Vaporeon|190/364 brn|[from] brn\n|upkeep\n|turn|10\n|\n|t:|1782788799\n|move|p1a: Ho-Oh|Recover|p1a: Ho-Oh\n|-heal|p1a: Ho-Oh|256/268\n|move|p2a: Vaporeon|Wish|p2a: Vaporeon\n|\n|-heal|p2a: Vaporeon|212/364 brn|[from] item: Leftovers\n|-damage|p2a: Vaporeon|190/364 brn|[from] brn\n|upkeep\n|turn|11\n|\n|t:|1782788804\n|move|p1a: Ho-Oh|Earthquake|p2a: Vaporeon\n|-damage|p2a: Vaporeon|111/364 brn\n|move|p2a: Vaporeon|Ice Beam|p1a: Ho-Oh\n|-damage|p1a: Ho-Oh|196/268\n|\n|-heal|p2a: Vaporeon|293/364 brn|[from] move: Wish|[wisher] Vaporeon\n|-heal|p2a: Vaporeon|315/364 brn|[from] item: Leftovers\n|-damage|p2a: Vaporeon|293/364 brn|[from] brn\n|upkeep\n|turn|12\n|\n|t:|1782788809\n|switch|p1a: Virizion|Virizion, L82|255/283\n|-activate|p1a: Virizion|move: Sticky Web\n|-unboost|p1a: Virizion|spe|1\n|move|p2a: Vaporeon|Wish|p2a: Vaporeon\n|\n|-heal|p2a: Vaporeon|315/364 brn|[from] item: Leftovers\n|-damage|p2a: Vaporeon|293/364 brn|[from] brn\n|upkeep\n|turn|13\n|\n|t:|1782788823\n|switch|p2a: Tsareena|Tsareena, L87, F|267/267\n|move|p1a: Virizion|Leaf Blade|p2a: Tsareena\n|-resisted|p2a: Tsareena\n|-damage|p2a: Tsareena|220/267\n|-damage|p1a: Virizion|227/283|[from] item: Life Orb\n|\n|-heal|p2a: Tsareena|267/267|[from] move: Wish|[wisher] Vaporeon\n|upkeep\n|turn|14\n|\n|t:|1782788828\n|switch|p1a: Ho-Oh|Ho-Oh, L71|268/268\n|move|p2a: Tsareena|Triple Axel|p1a: Ho-Oh\n|-damage|p1a: Ho-Oh|239/268\n|-damage|p1a: Ho-Oh|188/268\n|-damage|p1a: Ho-Oh|105/268\n|-hitcount|p1a: Ho-Oh|3\n|-damage|p2a: Tsareena|241/267|[from] item: Life Orb\n|\n|upkeep\n|turn|15\n|\n|t:|1782788838\n|switch|p1a: Zamazenta|Zamazenta, L71|248/248\n|-activate|p1a: Zamazenta|move: Sticky Web\n|-unboost|p1a: Zamazenta|spe|1\n|-ability|p1a: Zamazenta|Dauntless Shield|boost\n|-boost|p1a: Zamazenta|def|1\n|move|p2a: Tsareena|Triple Axel|p1a: Zamazenta\n|-damage|p1a: Zamazenta|231/248\n|-damage|p1a: Zamazenta|201/248\n|-damage|p1a: Zamazenta|159/248\n|-hitcount|p1a: Zamazenta|3\n|-damage|p2a: Tsareena|215/267|[from] item: Life Orb\n|\n|upkeep\n|turn|16\n|\n|t:|1782788845\n|move|p2a: Tsareena|Power Whip|p1a: Zamazenta\n|-damage|p1a: Zamazenta|37/248\n|-damage|p2a: Tsareena|189/267|[from] item: Life Orb\n|move|p1a: Zamazenta|Close Combat|p2a: Tsareena\n|-damage|p2a: Tsareena|45/267\n|-unboost|p1a: Zamazenta|def|1\n|-unboost|p1a: Zamazenta|spd|1\n|\n|upkeep\n|turn|17\n|\n|t:|1782788853\n|switch|p1a: Ho-Oh|Ho-Oh, L71|194/268\n|move|p2a: Tsareena|Synthesis|p2a: Tsareena\n|-heal|p2a: Tsareena|178/267\n|\n|upkeep\n|turn|18\n|\n|t:|1782788857\n|switch|p2a: Vaporeon|Vaporeon, L86, F|293/364 brn\n|move|p1a: Ho-Oh|Sacred Fire|p2a: Vaporeon\n|-resisted|p2a: Vaporeon\n|-damage|p2a: Vaporeon|230/364 brn\n|\n|-heal|p2a: Vaporeon|252/364 brn|[from] item: Leftovers\n|-damage|p2a: Vaporeon|230/364 brn|[from] brn\n|upkeep\n|turn|19\n|\n|t:|1782788861\n|switch|p1a: Virizion|Virizion, L82|227/283\n|-activate|p1a: Virizion|move: Sticky Web\n|-unboost|p1a: Virizion|spe|1\n|move|p2a: Vaporeon|Wish|p2a: Vaporeon\n|\n|-heal|p2a: Vaporeon|252/364 brn|[from] item: Leftovers\n|-damage|p2a: Vaporeon|230/364 brn|[from] brn\n|upkeep\n|turn|20\n|\n|t:|1782788865\n|move|p2a: Vaporeon|Protect|p2a: Vaporeon\n|-singleturn|p2a: Vaporeon|Protect\n|move|p1a: Virizion|Close Combat|p2a: Vaporeon\n|-activate|p2a: Vaporeon|move: Protect\n|\n|-heal|p2a: Vaporeon|364/364 brn|[from] move: Wish|[wisher] Vaporeon\n|-damage|p2a: Vaporeon|342/364 brn|[from] brn\n|upkeep\n|turn|21\n|\n|t:|1782788889\n|switch|p2a: Tsareena|Tsareena, L87, F|178/267\n|move|p1a: Virizion|Swords Dance|p1a: Virizion\n|-boost|p1a: Virizion|atk|2\n|\n|upkeep\n|turn|22\n|\n|t:|1782788896\n|-terastallize|p1a: Virizion|Rock\n|move|p2a: Tsareena|Triple Axel|p1a: Virizion|[miss]\n|-miss|p2a: Tsareena|p1a: Virizion\n|move|p1a: Virizion|Close Combat|p2a: Tsareena\n|-damage|p2a: Tsareena|0 fnt\n|-unboost|p1a: Virizion|def|1\n|-unboost|p1a: Virizion|spd|1\n|faint|p2a: Tsareena\n|-damage|p1a: Virizion|199/283|[from] item: Life Orb\n|\n|upkeep\n|\n|t:|1782788902\n|switch|p2a: Vaporeon|Vaporeon, L86, F|342/364 brn\n|turn|23\n|\n|t:|1782788906\n|switch|p1a: Palkia|Palkia, L75|259/259\n|-activate|p1a: Palkia|move: Sticky Web\n|-unboost|p1a: Palkia|spe|1\n|-ability|p1a: Palkia|Pressure\n|move|p2a: Vaporeon|Scald|p1a: Palkia\n|-resisted|p1a: Palkia\n|-damage|p1a: Palkia|239/259\n|\n|-heal|p2a: Vaporeon|364/364 brn|[from] item: Leftovers\n|-damage|p2a: Vaporeon|342/364 brn|[from] brn\n|upkeep\n|turn|24\n|\n|t:|1782788919\n|move|p2a: Vaporeon|Protect|p2a: Vaporeon\n|-singleturn|p2a: Vaporeon|Protect\n|move|p1a: Palkia|Spacial Rend|p2a: Vaporeon\n|-activate|p2a: Vaporeon|move: Protect\n|\n|-heal|p2a: Vaporeon|364/364 brn|[from] item: Leftovers\n|-damage|p2a: Vaporeon|342/364 brn|[from] brn\n|upkeep\n|turn|25\n|\n|t:|1782788921\n|move|p1a: Palkia|Spacial Rend|p2a: Vaporeon\n|-damage|p2a: Vaporeon|227/364 brn\n|move|p2a: Vaporeon|Wish|p2a: Vaporeon\n|\n|-heal|p2a: Vaporeon|249/364 brn|[from] item: Leftovers\n|-damage|p2a: Vaporeon|227/364 brn|[from] brn\n|upkeep\n|turn|26\n|\n|t:|1782788930\n|switch|p1a: Zamazenta|Zamazenta, L71|37/248\n|-activate|p1a: Zamazenta|move: Sticky Web\n|-unboost|p1a: Zamazenta|spe|1\n|move|p2a: Vaporeon|Scald|p1a: Zamazenta\n|-damage|p1a: Zamazenta|0 fnt\n|faint|p1a: Zamazenta\n|\n|-heal|p2a: Vaporeon|364/364 brn|[from] move: Wish|[wisher] Vaporeon\n|-damage|p2a: Vaporeon|342/364 brn|[from] brn\n|upkeep\n|\n|t:|1782788931\n|switch|p1a: Virizion|Virizion, L82, tera:Rock|199/283\n|-activate|p1a: Virizion|move: Sticky Web\n|-unboost|p1a: Virizion|spe|1\n|turn|27\n|\n|t:|1782788944\n|switch|p2a: Keldeo|Keldeo-Resolute, L79|273/273\n|move|p1a: Virizion|Leaf Blade|p2a: Keldeo\n|-supereffective|p2a: Keldeo\n|-damage|p2a: Keldeo|52/273\n|-damage|p1a: Virizion|171/283|[from] item: Life Orb\n|\n|upkeep\n|turn|28\n|\n|t:|1782788951\n|switch|p1a: Ho-Oh|Ho-Oh, L71|268/268\n|move|p2a: Keldeo|Hydro Pump|p1a: Ho-Oh\n|-supereffective|p1a: Ho-Oh\n|-damage|p1a: Ho-Oh|24/268\n|-damage|p2a: Keldeo|25/273|[from] item: Life Orb\n|\n|upkeep\n|turn|29\n|\n|t:|1782788959\n|switch|p1a: Palkia|Palkia, L75|239/259\n|-activate|p1a: Palkia|move: Sticky Web\n|-unboost|p1a: Palkia|spe|1\n|-ability|p1a: Palkia|Pressure\n|move|p2a: Keldeo|Secret Sword|p1a: Palkia\n|-damage|p1a: Palkia|99/259\n|-damage|p2a: Keldeo|0 fnt|[from] item: Life Orb\n|faint|p2a: Keldeo\n|\n|upkeep\n|\n|t:|1782788962\n|switch|p2a: Vaporeon|Vaporeon, L86, F|342/364 brn\n|turn|30\n|\n|t:|1782788966\n|move|p1a: Palkia|Draco Meteor|p2a: Vaporeon\n|-damage|p2a: Vaporeon|194/364 brn\n|-unboost|p1a: Palkia|spa|2\n|move|p2a: Vaporeon|Wish|p2a: Vaporeon\n|\n|-heal|p2a: Vaporeon|216/364 brn|[from] item: Leftovers\n|-damage|p2a: Vaporeon|194/364 brn|[from] brn\n|upkeep\n|turn|31\n|\n|t:|1782788992\n|move|p1a: Palkia|Draco Meteor|p2a: Vaporeon\n|-damage|p2a: Vaporeon|119/364 brn\n|-unboost|p1a: Palkia|spa|2\n|move|p2a: Vaporeon|Scald|p1a: Palkia\n|-resisted|p1a: Palkia\n|-damage|p1a: Palkia|76/259\n|\n|-heal|p2a: Vaporeon|301/364 brn|[from] move: Wish|[wisher] Vaporeon\n|-heal|p2a: Vaporeon|323/364 brn|[from] item: Leftovers\n|-damage|p2a: Vaporeon|301/364 brn|[from] brn\n|upkeep\n|turn|32\n|\n|t:|1782788999\n|switch|p1a: Ho-Oh|Ho-Oh, L71|113/268\n|move|p2a: Vaporeon|Wish|p2a: Vaporeon\n|\n|-heal|p2a: Vaporeon|323/364 brn|[from] item: Leftovers\n|-damage|p2a: Vaporeon|301/364 brn|[from] brn\n|upkeep\n|turn|33\n|\n|t:|1782789003\n|move|p1a: Ho-Oh|Recover|p1a: Ho-Oh\n|-heal|p1a: Ho-Oh|247/268\n|move|p2a: Vaporeon|Scald|p1a: Ho-Oh\n|-supereffective|p1a: Ho-Oh\n|-damage|p1a: Ho-Oh|89/268\n|\n|-heal|p2a: Vaporeon|364/364 brn|[from] move: Wish|[wisher] Vaporeon\n|-damage|p2a: Vaporeon|342/364 brn|[from] brn\n|upkeep\n|turn|34\n|\n|t:|1782789008\n|move|p1a: Ho-Oh|Recover|p1a: Ho-Oh\n|-heal|p1a: Ho-Oh|223/268\n|move|p2a: Vaporeon|Scald|p1a: Ho-Oh\n|-supereffective|p1a: Ho-Oh\n|-damage|p1a: Ho-Oh|71/268\n|\n|-heal|p2a: Vaporeon|364/364 brn|[from] item: Leftovers\n|-damage|p2a: Vaporeon|342/364 brn|[from] brn\n|upkeep\n|turn|35\n|\n|t:|1782789012\n|switch|p1a: Palkia|Palkia, L75|76/259\n|-activate|p1a: Palkia|move: Sticky Web\n|-unboost|p1a: Palkia|spe|1\n|-ability|p1a: Palkia|Pressure\n|move|p2a: Vaporeon|Scald|p1a: Palkia\n|-resisted|p1a: Palkia\n|-damage|p1a: Palkia|57/259\n|-status|p1a: Palkia|brn\n|\n|-heal|p2a: Vaporeon|364/364 brn|[from] item: Leftovers\n|-damage|p1a: Palkia|41/259 brn|[from] brn\n|-damage|p2a: Vaporeon|342/364 brn|[from] brn\n|upkeep\n|turn|36\n|\n|t:|1782789015\n|move|p2a: Vaporeon|Protect|p2a: Vaporeon\n|-singleturn|p2a: Vaporeon|Protect\n|move|p1a: Palkia|Spacial Rend|p2a: Vaporeon\n|-activate|p2a: Vaporeon|move: Protect\n|\n|-heal|p2a: Vaporeon|364/364 brn|[from] item: Leftovers\n|-damage|p1a: Palkia|25/259 brn|[from] brn\n|-damage|p2a: Vaporeon|342/364 brn|[from] brn\n|upkeep\n|turn|37\n|\n|t:|1782789025\n|switch|p1a: Ho-Oh|Ho-Oh, L71|160/268\n|move|p2a: Vaporeon|Wish|p2a: Vaporeon\n|\n|-heal|p2a: Vaporeon|364/364 brn|[from] item: Leftovers\n|-damage|p2a: Vaporeon|342/364 brn|[from] brn\n|upkeep\n|turn|38\n|\n|t:|1782789028\n|switch|p1a: Palkia|Palkia, L75|25/259 brn\n|-activate|p1a: Palkia|move: Sticky Web\n|-unboost|p1a: Palkia|spe|1\n|-ability|p1a: Palkia|Pressure\n|move|p2a: Vaporeon|Scald|p1a: Palkia\n|-resisted|p1a: Palkia\n|-damage|p1a: Palkia|6/259 brn\n|\n|-heal|p2a: Vaporeon|364/364 brn|[from] move: Wish|[wisher] Vaporeon\n|-damage|p1a: Palkia|0 fnt|[from] brn\n|faint|p1a: Palkia\n|-damage|p2a: Vaporeon|342/364 brn|[from] brn\n|upkeep\n|\n|t:|1782789032\n|switch|p1a: Virizion|Virizion, L82, tera:Rock|171/283\n|-activate|p1a: Virizion|move: Sticky Web\n|-unboost|p1a: Virizion|spe|1\n|turn|39\n|\n|t:|1782789043\n|move|p2a: Vaporeon|Scald|p1a: Virizion\n|-supereffective|p1a: Virizion\n|-damage|p1a: Virizion|33/283\n|move|p1a: Virizion|Leaf Blade|p2a: Vaporeon\n|-supereffective|p2a: Vaporeon\n|-damage|p2a: Vaporeon|51/364 brn\n|-damage|p1a: Virizion|5/283|[from] item: Life Orb\n|\n|-heal|p2a: Vaporeon|73/364 brn|[from] item: Leftovers\n|-damage|p2a: Vaporeon|51/364 brn|[from] brn\n|upkeep\n|turn|40\n|\n|t:|1782789053\n|move|p2a: Vaporeon|Wish|p2a: Vaporeon\n|move|p1a: Virizion|Close Combat|p2a: Vaporeon\n|-damage|p2a: Vaporeon|0 fnt\n|-unboost|p1a: Virizion|def|1\n|-unboost|p1a: Virizion|spd|1\n|faint|p2a: Vaporeon\n|-damage|p1a: Virizion|0 fnt|[from] item: Life Orb\n|faint|p1a: Virizion\n|\n|upkeep\n|\n|t:|1782789058\n|switch|p1a: Ho-Oh|Ho-Oh, L71|249/268\n|switch|p2a: Maushold|Maushold, L76|238/238\n|turn|41\n|\n|t:|1782789063\n|move|p2a: Maushold|Population Bomb|p1a: Ho-Oh\n|-damage|p1a: Ho-Oh|224/268\n|-damage|p1a: Ho-Oh|197/268\n|-damage|p1a: Ho-Oh|170/268\n|-crit|p1a: Ho-Oh\n|-damage|p1a: Ho-Oh|128/268\n|-damage|p1a: Ho-Oh|104/268\n|-damage|p1a: Ho-Oh|80/268\n|-damage|p1a: Ho-Oh|55/268\n|-damage|p1a: Ho-Oh|30/268\n|-damage|p1a: Ho-Oh|3/268\n|-damage|p1a: Ho-Oh|0 fnt\n|faint|p1a: Ho-Oh\n|-hitcount|p1: Ho-Oh|10\n|\n|upkeep\n|\n|t:|1782789069\n|switch|p1a: Bastiodon|Bastiodon, L89, M|252/252\n|-activate|p1a: Bastiodon|move: Sticky Web\n|-unboost|p1a: Bastiodon|spe|1\n|turn|42\n|\n|t:|1782789074\n|-terastallize|p2a: Maushold|Ghost\n|move|p2a: Maushold|Tidy Up|p2a: Maushold\n|-sideend|p1: Broturtle|Sticky Web\n|-activate|p2a: Maushold|move: Tidy Up\n|-boost|p2a: Maushold|atk|1\n|-boost|p2a: Maushold|spe|1\n|move|p1a: Bastiodon|Iron Defense|p1a: Bastiodon\n|-boost|p1a: Bastiodon|def|2\n|\n|upkeep\n|turn|43\n|\n|t:|1782789080\n|move|p2a: Maushold|Encore|p1a: Bastiodon\n|-start|p1a: Bastiodon|Encore\n|move|p1a: Bastiodon|Iron Defense|p1a: Bastiodon\n|-boost|p1a: Bastiodon|def|2\n|\n|upkeep\n|turn|44\n|\n|t:|1782789083\n|move|p2a: Maushold|Tidy Up|p2a: Maushold\n|-boost|p2a: Maushold|atk|1\n|-boost|p2a: Maushold|spe|1\n|move|p1a: Bastiodon|Iron Defense|p1a: Bastiodon\n|-boost|p1a: Bastiodon|def|2\n|\n|upkeep\n|turn|45\n|\n|t:|1782789086\n|move|p2a: Maushold|Tidy Up|p2a: Maushold\n|-boost|p2a: Maushold|atk|1\n|-boost|p2a: Maushold|spe|1\n|move|p1a: Bastiodon|Iron Defense|p1a: Bastiodon\n|-boost|p1a: Bastiodon|def|0\n|\n|-end|p1a: Bastiodon|Encore\n|upkeep\n|turn|46\n|\n|t:|1782789088\n|move|p2a: Maushold|Encore|p1a: Bastiodon\n|-start|p1a: Bastiodon|Encore\n|move|p1a: Bastiodon|Iron Defense|p1a: Bastiodon\n|-boost|p1a: Bastiodon|def|0\n|\n|upkeep\n|turn|47\n|\n|t:|1782789090\n|move|p2a: Maushold|Tidy Up|p2a: Maushold\n|-boost|p2a: Maushold|atk|1\n|-boost|p2a: Maushold|spe|1\n|move|p1a: Bastiodon|Iron Defense|p1a: Bastiodon\n|-boost|p1a: Bastiodon|def|0\n|\n|upkeep\n|turn|48\n|\n|t:|1782789093\n|move|p2a: Maushold|Tidy Up|p2a: Maushold\n|-boost|p2a: Maushold|atk|1\n|-boost|p2a: Maushold|spe|1\n|move|p1a: Bastiodon|Iron Defense|p1a: Bastiodon\n|-boost|p1a: Bastiodon|def|0\n|\n|-end|p1a: Bastiodon|Encore\n|upkeep\n|turn|49\n|\n|t:|1782789095\n|move|p2a: Maushold|Encore|p1a: Bastiodon\n|-start|p1a: Bastiodon|Encore\n|move|p1a: Bastiodon|Iron Defense|p1a: Bastiodon\n|-boost|p1a: Bastiodon|def|0\n|\n|upkeep\n|turn|50\n|\n|t:|1782789097\n|move|p2a: Maushold|Tidy Up|p2a: Maushold\n|-boost|p2a: Maushold|atk|1\n|-boost|p2a: Maushold|spe|1\n|move|p1a: Bastiodon|Iron Defense|p1a: Bastiodon\n|-boost|p1a: Bastiodon|def|0\n|\n|upkeep\n|turn|51\n|\n|t:|1782789098\n|move|p2a: Maushold|Population Bomb|p1a: Bastiodon\n|-resisted|p1a: Bastiodon\n|-damage|p1a: Bastiodon|249/252\n|-resisted|p1a: Bastiodon\n|-crit|p1a: Bastiodon\n|-damage|p1a: Bastiodon|230/252\n|-resisted|p1a: Bastiodon\n|-damage|p1a: Bastiodon|227/252\n|-resisted|p1a: Bastiodon\n|-damage|p1a: Bastiodon|224/252\n|-resisted|p1a: Bastiodon\n|-damage|p1a: Bastiodon|221/252\n|-resisted|p1a: Bastiodon\n|-damage|p1a: Bastiodon|218/252\n|-resisted|p1a: Bastiodon\n|-damage|p1a: Bastiodon|215/252\n|-resisted|p1a: Bastiodon\n|-damage|p1a: Bastiodon|212/252\n|-resisted|p1a: Bastiodon\n|-damage|p1a: Bastiodon|209/252\n|-resisted|p1a: Bastiodon\n|-damage|p1a: Bastiodon|206/252\n|-hitcount|p1a: Bastiodon|10\n|move|p1a: Bastiodon|Iron Defense|p1a: Bastiodon\n|-boost|p1a: Bastiodon|def|0\n|\n|-end|p1a: Bastiodon|Encore\n|upkeep\n|turn|52\n|\n|t:|1782789102\n|move|p2a: Maushold|Encore|p1a: Bastiodon\n|-start|p1a: Bastiodon|Encore\n|move|p1a: Bastiodon|Iron Defense|p1a: Bastiodon\n|-boost|p1a: Bastiodon|def|0\n|\n|upkeep\n|turn|53\n|\n|t:|1782789104\n|move|p2a: Maushold|Population Bomb|p1a: Bastiodon\n|-resisted|p1a: Bastiodon\n|-damage|p1a: Bastiodon|203/252\n|-resisted|p1a: Bastiodon\n|-damage|p1a: Bastiodon|200/252\n|-resisted|p1a: Bastiodon\n|-damage|p1a: Bastiodon|197/252\n|-resisted|p1a: Bastiodon\n|-crit|p1a: Bastiodon\n|-damage|p1a: Bastiodon|179/252\n|-resisted|p1a: Bastiodon\n|-damage|p1a: Bastiodon|176/252\n|-resisted|p1a: Bastiodon\n|-damage|p1a: Bastiodon|173/252\n|-resisted|p1a: Bastiodon\n|-damage|p1a: Bastiodon|170/252\n|-resisted|p1a: Bastiodon\n|-damage|p1a: Bastiodon|167/252\n|-resisted|p1a: Bastiodon\n|-damage|p1a: Bastiodon|164/252\n|-resisted|p1a: Bastiodon\n|-damage|p1a: Bastiodon|161/252\n|-hitcount|p1a: Bastiodon|10\n|move|p1a: Bastiodon|Iron Defense|p1a: Bastiodon\n|-boost|p1a: Bastiodon|def|0\n|\n|upkeep\n|turn|54\n|\n|t:|1782789108\n|move|p2a: Maushold|Population Bomb|p1a: Bastiodon\n|-resisted|p1a: Bastiodon\n|-crit|p1a: Bastiodon\n|-damage|p1a: Bastiodon|142/252\n|-resisted|p1a: Bastiodon\n|-damage|p1a: Bastiodon|139/252\n|-resisted|p1a: Bastiodon\n|-damage|p1a: Bastiodon|136/252\n|-resisted|p1a: Bastiodon\n|-damage|p1a: Bastiodon|133/252\n|-resisted|p1a: Bastiodon\n|-damage|p1a: Bastiodon|130/252\n|-resisted|p1a: Bastiodon\n|-damage|p1a: Bastiodon|127/252\n|-resisted|p1a: Bastiodon\n|-damage|p1a: Bastiodon|124/252\n|-resisted|p1a: Bastiodon\n|-damage|p1a: Bastiodon|121/252\n|-resisted|p1a: Bastiodon\n|-damage|p1a: Bastiodon|118/252\n|-resisted|p1a: Bastiodon\n|-damage|p1a: Bastiodon|115/252\n|-hitcount|p1a: Bastiodon|10\n|move|p1a: Bastiodon|Iron Defense|p1a: Bastiodon\n|-boost|p1a: Bastiodon|def|0\n|\n|-end|p1a: Bastiodon|Encore\n|upkeep\n|turn|55\n|\n|t:|1782789113\n|move|p2a: Maushold|Encore|p1a: Bastiodon\n|-start|p1a: Bastiodon|Encore\n|move|p1a: Bastiodon|Iron Defense|p1a: Bastiodon\n|-boost|p1a: Bastiodon|def|0\n|\n|upkeep\n|turn|56\n|\n|t:|1782789114\n|move|p2a: Maushold|Population Bomb|p1a: Bastiodon\n|-resisted|p1a: Bastiodon\n|-damage|p1a: Bastiodon|112/252\n|-resisted|p1a: Bastiodon\n|-damage|p1a: Bastiodon|109/252\n|-resisted|p1a: Bastiodon\n|-crit|p1a: Bastiodon\n|-damage|p1a: Bastiodon|90/252\n|-resisted|p1a: Bastiodon\n|-damage|p1a: Bastiodon|87/252\n|-resisted|p1a: Bastiodon\n|-damage|p1a: Bastiodon|84/252\n|-resisted|p1a: Bastiodon\n|-damage|p1a: Bastiodon|81/252\n|-resisted|p1a: Bastiodon\n|-damage|p1a: Bastiodon|78/252\n|-resisted|p1a: Bastiodon\n|-damage|p1a: Bastiodon|75/252\n|-resisted|p1a: Bastiodon\n|-damage|p1a: Bastiodon|72/252\n|-resisted|p1a: Bastiodon\n|-damage|p1a: Bastiodon|69/252\n|-hitcount|p1a: Bastiodon|10\n|move|p1a: Bastiodon|Iron Defense|p1a: Bastiodon\n|-boost|p1a: Bastiodon|def|0\n|\n|upkeep\n|turn|57\n|\n|t:|1782789116\n|move|p2a: Maushold|Population Bomb|p1a: Bastiodon\n|-resisted|p1a: Bastiodon\n|-damage|p1a: Bastiodon|66/252\n|-resisted|p1a: Bastiodon\n|-damage|p1a: Bastiodon|63/252\n|-resisted|p1a: Bastiodon\n|-damage|p1a: Bastiodon|60/252\n|-resisted|p1a: Bastiodon\n|-damage|p1a: Bastiodon|57/252\n|-resisted|p1a: Bastiodon\n|-damage|p1a: Bastiodon|54/252\n|-resisted|p1a: Bastiodon\n|-damage|p1a: Bastiodon|51/252\n|-resisted|p1a: Bastiodon\n|-damage|p1a: Bastiodon|48/252\n|-resisted|p1a: Bastiodon\n|-damage|p1a: Bastiodon|45/252\n|-resisted|p1a: Bastiodon\n|-damage|p1a: Bastiodon|42/252\n|-resisted|p1a: Bastiodon\n|-damage|p1a: Bastiodon|39/252\n|-hitcount|p1a: Bastiodon|10\n|move|p1a: Bastiodon|Iron Defense|p1a: Bastiodon\n|-boost|p1a: Bastiodon|def|0\n|\n|-end|p1a: Bastiodon|Encore\n|upkeep\n|turn|58\n|-message|Broturtle forfeited.\n|\n|win|pnm123\n", "inputlog": ">version f8ac14003a5f27e1bdc8d8c59608a773c1cb96e5\n>start {\"formatid\":\"gen9randombattle\",\"seed\":\"sodium,a042a1e2a21caf93c7b672c561f8267c\",\"rated\":\"Rated battle\"}\n>player p1 {\"name\":\"Broturtle\",\"avatar\":\"170\",\"rating\":2221,\"seed\":\"sodium,965c985232aa02467ab27f84d33bac34\"}\n>player p2 {\"name\":\"pnm123\",\"avatar\":\"fisherman-gen4\",\"rating\":2277,\"seed\":\"sodium,3a8c4451e493c5d665f77d53feb841c3\"}\n>p1 move spacialrend\n>p2 move stickyweb\n>p1 move spacialrend\n>p2 switch 5\n>p1 switch 2\n>p2 move wish\n>p1 move swordsdance\n>p2 move protect\n>p1 move stoneedge\n>p2 switch 5\n>p1 move leafblade\n>p2 move bugbuzz\n>p2 switch 6\n>p1 switch 3\n>p2 move overheat\n>p1 move earthquake\n>p2 switch 5\n>p1 move sacredfire\n>p2 move scald\n>p1 move recover\n>p2 move wish\n>p1 move earthquake\n>p2 move icebeam\n>p1 switch 3\n>p2 move wish\n>p1 move leafblade\n>p2 switch 2\n>p1 switch 3\n>p2 move tripleaxel\n>p1 switch 4\n>p2 move tripleaxel\n>p1 move closecombat\n>p2 move powerwhip\n>p1 switch 4\n>p2 move synthesis\n>p1 move sacredfire\n>p2 switch 2\n>p1 switch 3\n>p2 move wish\n>p1 move closecombat\n>p2 move protect\n>p1 move swordsdance\n>p2 switch 2\n>p1 move closecombat terastallize\n>p2 move tripleaxel\n>p2 switch 2\n>p1 switch 2\n>p2 move scald\n>p1 move spacialrend\n>p2 move protect\n>p1 move spacialrend\n>p2 move wish\n>p1 switch 4\n>p2 move scald\n>p1 switch 2\n>p1 move leafblade\n>p2 switch 4\n>p1 switch 3\n>p2 move hydropump\n>p1 switch 4\n>p2 move secretsword\n>p2 switch 4\n>p1 move dracometeor\n>p2 move wish\n>p1 move dracometeor\n>p2 move scald\n>p1 switch 4\n>p2 move wish\n>p1 move recover\n>p2 move scald\n>p1 move recover\n>p2 move scald\n>p1 switch 4\n>p2 move scald\n>p1 move spacialrend\n>p2 move protect\n>p1 switch 4\n>p2 move wish\n>p1 switch 4\n>p2 move scald\n>p1 switch 3\n>p1 move leafblade\n>p2 move scald\n>p1 move closecombat\n>p2 move wish\n>p1 switch 4\n>p2 switch 3\n>p1 move sacredfire\n>p2 move populationbomb\n>p1 switch 6\n>p1 move irondefense\n>p2 move tidyup terastallize\n>p1 move foulplay\n>p2 move encore\n>p1 move irondefense\n>p2 move tidyup\n>p1 move irondefense\n>p2 move tidyup\n>p1 move foulplay\n>p2 move encore\n>p1 move irondefense\n>p2 move tidyup\n>p1 move irondefense\n>p2 move tidyup\n>p1 move foulplay\n>p2 move encore\n>p1 move irondefense\n>p2 move tidyup\n>p1 move irondefense\n>p2 move populationbomb\n>p1 move foulplay\n>p2 move encore\n>p1 move irondefense\n>p2 move populationbomb\n>p1 move irondefense\n>p2 move populationbomb\n>p1 move foulplay\n>p2 move encore\n>p1 move irondefense\n>p2 move populationbomb\n>p1 move irondefense\n>p2 move populationbomb\n>forcelose p1", "uploadtime": 1782788718, "views": 3, "formatid": "gen9randombattle", "rating": null, "private": 0, "password": null, "player_dets": [{"name": "Broturtle", "avatar": "170", "rating": 2221, "seed": "sodium,965c985232aa02467ab27f84d33bac34"}, {"name": "pnm123", "avatar": "fisherman-gen4", "rating": 2277, "seed": "sodium,3a8c4451e493c5d665f77d53feb841c3"}], "teams_full": [{"Palkia": {"name": "Palkia", "species": "Palkia", "speciesId": "palkia", "gender": "N", "shiny": false, "level": 75, "moves": ["hydropump", "dracometeor", "fireblast", "spacialrend"], "ability": "Pressure", "evs": {"hp": 85, "atk": 0, "def": 85, "spa": 85, "spd": 85, "spe": 85}, "ivs": {"hp": 31, "atk": 0, "def": 31, "spa": 31, "spd": 31, "spe": 31}, "item": "Choice Scarf", "teraType": "Dragon", "role": "Fast Attacker", "bvs": {"hp": 90, "atk": 120, "def": 100, "spa": 150, "spd": 120, "spe": 100}, "stats": {"hp": 259, "atk": 185, "def": 194, "spa": 269, "spd": 224, "spe": 194}, "types": ["Water", "Dragon"]}, "Virizion": {"name": "Virizion", "species": "Virizion", "speciesId": "virizion", "gender": "N", "shiny": false, "level": 82, "moves": ["stoneedge", "swordsdance", "leafblade", "closecombat"], "ability": "Justified", "evs": {"hp": 85, "atk": 85, "def": 85, "spa": 85, "spd": 85, "spe": 85}, "ivs": {"hp": 31, "atk": 31, "def": 31, "spa": 31, "spd": 31, "spe": 31}, "item": "Life Orb", "teraType": "Rock", "role": "Setup Sweeper", "bvs": {"hp": 91, "atk": 90, "def": 72, "spa": 90, "spd": 129, "spe": 108}, "stats": {"hp": 283, "atk": 195, "def": 165, "spa": 195, "spd": 259, "spe": 224}, "types": ["Grass", "Fighting"]}, "Ho-Oh": {"name": "Ho-Oh", "species": "Ho-Oh", "speciesId": "hooh", "gender": "N", "shiny": false, "level": 71, "moves": ["recover", "earthquake", "sacredfire", "bravebird"], "ability": "Regenerator", "evs": {"hp": 85, "atk": 85, "def": 85, "spa": 85, "spd": 85, "spe": 85}, "ivs": {"hp": 31, "atk": 31, "def": 31, "spa": 31, "spd": 31, "spe": 31}, "item": "Heavy-Duty Boots", "teraType": "Ground", "role": "Bulky Attacker", "bvs": {"hp": 106, "atk": 130, "def": 90, "spa": 110, "spd": 154, "spe": 90}, "stats": {"hp": 268, "atk": 226, "def": 169, "spa": 198, "spd": 260, "spe": 169}, "types": ["Fire", "Flying"]}, "Zamazenta": {"name": "Zamazenta", "species": "Zamazenta", "speciesId": "zamazenta", "gender": "N", "shiny": false, "level": 71, "moves": ["psychicfangs", "closecombat", "stoneedge", "crunch"], "ability": "Dauntless Shield", "evs": {"hp": 85, "atk": 85, "def": 85, "spa": 85, "spd": 85, "spe": 85}, "ivs": {"hp": 31, "atk": 31, "def": 31, "spa": 31, "spd": 31, "spe": 31}, "item": "Choice Band", "teraType": "Dark", "role": "Bulky Attacker", "bvs": {"hp": 92, "atk": 120, "def": 115, "spa": 80, "spd": 115, "spe": 138}, "stats": {"hp": 248, "atk": 212, "def": 205, "spa": 155, "spd": 205, "spe": 237}, "types": ["Fighting"]}, "Typhlosion": {"name": "Typhlosion", "species": "Typhlosion", "speciesId": "typhlosion", "gender": "F", "shiny": false, "level": 84, "moves": ["focusblast", "scorchingsands", "eruption", "fireblast"], "ability": "Flash Fire", "evs": {"hp": 81, "atk": 0, "def": 85, "spa": 85, "spd": 85, "spe": 85}, "ivs": {"hp": 31, "atk": 0, "def": 31, "spa": 31, "spd": 31, "spe": 31}, "item": "Choice Scarf", "teraType": "Fire", "role": "Fast Attacker", "bvs": {"hp": 78, "atk": 84, "def": 78, "spa": 109, "spd": 85, "spe": 100}, "stats": {"hp": 267, "atk": 146, "def": 179, "spa": 231, "spd": 191, "spe": 216}, "types": ["Fire"]}, "Bastiodon": {"name": "Bastiodon", "species": "Bastiodon", "speciesId": "bastiodon", "gender": "M", "shiny": false, "level": 89, "moves": ["foulplay", "bodypress", "irondefense", "rest"], "ability": "Soundproof", "evs": {"hp": 85, "atk": 0, "def": 85, "spa": 85, "spd": 85, "spe": 85}, "ivs": {"hp": 31, "atk": 0, "def": 31, "spa": 31, "spd": 31, "spe": 31}, "item": "Chesto Berry", "teraType": "Fighting", "role": "Bulky Setup", "bvs": {"hp": 60, "atk": 52, "def": 168, "spa": 47, "spd": 138, "spe": 30}, "stats": {"hp": 252, "atk": 97, "def": 350, "spa": 134, "spd": 296, "spe": 104}, "types": ["Rock", "Steel"]}}, {"Vikavolt": {"name": "Vikavolt", "species": "Vikavolt", "speciesId": "vikavolt", "gender": "M", "shiny": false, "level": 83, "moves": ["bugbuzz", "energyball", "stickyweb", "thunderbolt"], "ability": "Levitate", "evs": {"hp": 85, "atk": 0, "def": 85, "spa": 85, "spd": 85, "spe": 85}, "ivs": {"hp": 31, "atk": 0, "def": 31, "spa": 31, "spd": 31, "spe": 31}, "item": "Heavy-Duty Boots", "teraType": "Electric", "role": "Bulky Support", "bvs": {"hp": 77, "atk": 70, "def": 90, "spa": 145, "spd": 75, "spe": 43}, "stats": {"hp": 263, "atk": 121, "def": 197, "spa": 288, "spd": 172, "spe": 119}, "types": ["Bug", "Electric"]}, "Tsareena": {"name": "Tsareena", "species": "Tsareena", "speciesId": "tsareena", "gender": "F", "shiny": false, "level": 87, "moves": ["highjumpkick", "synthesis", "tripleaxel", "powerwhip"], "ability": "Queenly Majesty", "evs": {"hp": 85, "atk": 85, "def": 85, "spa": 85, "spd": 85, "spe": 85}, "ivs": {"hp": 31, "atk": 31, "def": 31, "spa": 31, "spd": 31, "spe": 31}, "item": "Life Orb", "teraType": "Fighting", "role": "Fast Support", "bvs": {"hp": 72, "atk": 120, "def": 98, "spa": 50, "spd": 98, "spe": 72}, "stats": {"hp": 267, "atk": 259, "def": 220, "spa": 137, "spd": 220, "spe": 175}, "types": ["Grass"]}, "Maushold": {"name": "Maushold", "species": "Maushold", "speciesId": "maushold", "gender": "N", "shiny": false, "level": 76, "moves": ["encore", "populationbomb", "bite", "tidyup"], "ability": "Technician", "evs": {"hp": 85, "atk": 85, "def": 85, "spa": 85, "spd": 85, "spe": 85}, "ivs": {"hp": 31, "atk": 31, "def": 31, "spa": 31, "spd": 31, "spe": 31}, "item": "Wide Lens", "teraType": "Ghost", "role": "Setup Sweeper", "bvs": {"hp": 74, "atk": 75, "def": 70, "spa": 65, "spd": 75, "spe": 111}, "stats": {"hp": 238, "atk": 158, "def": 150, "spa": 143, "spd": 158, "spe": 213}, "types": ["Normal"]}, "Keldeo": {"name": "Keldeo", "species": "Keldeo-Resolute", "speciesId": "keldeoresolute", "gender": "N", "shiny": false, "level": 79, "moves": ["secretsword", "airslash", "calmmind", "hydropump"], "ability": "Justified", "evs": {"hp": 85, "atk": 0, "def": 85, "spa": 85, "spd": 85, "spe": 85}, "ivs": {"hp": 31, "atk": 0, "def": 31, "spa": 31, "spd": 31, "spe": 31}, "item": "Life Orb", "teraType": "Water", "role": "Fast Attacker", "bvs": {"hp": 91, "atk": 72, "def": 90, "spa": 129, "spd": 90, "spe": 108}, "stats": {"hp": 273, "atk": 118, "def": 188, "spa": 249, "spd": 188, "spe": 216}, "types": ["Water", "Fighting"]}, "Vaporeon": {"name": "Vaporeon", "species": "Vaporeon", "speciesId": "vaporeon", "gender": "F", "shiny": false, "level": 86, "moves": ["protect", "wish", "icebeam", "scald"], "ability": "Water Absorb", "evs": {"hp": 85, "atk": 0, "def": 85, "spa": 85, "spd": 85, "spe": 85}, "ivs": {"hp": 31, "atk": 0, "def": 31, "spa": 31, "spd": 31, "spe": 31}, "item": "Leftovers", "teraType": "Ground", "role": "Bulky Support", "bvs": {"hp": 130, "atk": 65, "def": 60, "spa": 110, "spd": 95, "spe": 65}, "stats": {"hp": 364, "atk": 116, "def": 152, "spa": 238, "spd": 213, "spe": 161}, "types": ["Water"]}, "Infernape": {"name": "Infernape", "species": "Infernape", "speciesId": "infernape", "gender": "F", "shiny": false, "level": 82, "moves": ["machpunch", "gunkshot", "overheat", "closecombat"], "ability": "Blaze", "evs": {"hp": 85, "atk": 85, "def": 85, "spa": 85, "spd": 85, "spe": 85}, "ivs": {"hp": 31, "atk": 31, "def": 31, "spa": 31, "spd": 31, "spe": 31}, "item": "Life Orb", "teraType": "Fighting", "role": "Fast Attacker", "bvs": {"hp": 76, "atk": 104, "def": 71, "spa": 104, "spd": 71, "spe": 108}, "stats": {"hp": 259, "atk": 218, "def": 164, "spa": 218, "spd": 164, "spe": 224}, "types": ["Fire", "Fighting"]}}]}