{"id": "gen9randombattle-2641169128", "format": "[Gen 9] Random Battle", "players": ["notmetbh102", "milkreo"], "log": "|badge|p1|bronze|gen9randombattle|100-9\n|html|<div class=\"broadcast-red\"><strong>This battle is required to be public due to one or more player having a season medal.</strong><br />During the public phase, you can discuss the state of the ladder <a href=\"/seasondiscussion\">in a special chatroom.</a></div>\n|uhtml|medal-msg|<div class=\"broadcast-blue\">Curious what those medals under the avatar are? PS now has Ladder Seasons! For more information, check out the <a href=\"https://www.smogon.com/forums/threads/3740067/\">thread on Smogon.</a></div>\n|badge|p2|silver|gen9randombattle|30-9\n|uhtml|medal-msg|<div class=\"broadcast-blue\">Curious what those medals under the avatar are? PS now has Ladder Seasons! For more information, check out the <a href=\"https://www.smogon.com/forums/threads/3740067/\">thread on Smogon.</a></div>\n|j|\u2606notmetbh102\n|j|\u2606milkreo\n|t:|1782749009\n|gametype|singles\n|player|p1|notmetbh102|2|2348\n|player|p2|milkreo|102|2344\n|gen|9\n|tier|[Gen 9] Random Battle\n|rated|\n|rule|Species Clause: Limit one of each Pok\u00e9mon\n|rule|HP Percentage Mod: HP is shown in percentages\n|rule|Sleep Clause Mod: Limit one foe put to sleep\n|rule|Illusion Level Mod: Illusion disguises the Pok\u00e9mon's true level\n|\n|t:|1782749009\n|teamsize|p1|6\n|teamsize|p2|6\n|start\n|switch|p1a: Swampert|Swampert, L83, M|302/302\n|switch|p2a: Quagsire|Quagsire, L84, F|297/297\n|turn|1\n|inactive|Battle timer is ON: inactive players will automatically lose when time's up. (requested by notmetbh102)\n|c|\u2606notmetbh102|hf\n|\n|t:|1782749013\n|move|p1a: Swampert|Stealth Rock|p2a: Quagsire\n|-sidestart|p2: milkreo|move: Stealth Rock\n|move|p2a: Quagsire|Toxic|p1a: Swampert\n|-status|p1a: Swampert|tox\n|\n|-damage|p1a: Swampert|284/302 tox|[from] psn\n|upkeep\n|turn|2\n|\n|t:|1782749016\n|move|p1a: Swampert|Flip Turn|p2a: Quagsire\n|-damage|p2a: Quagsire|224/297\n|\n|t:|1782749017\n|switch|p1a: Crawdaunt|Crawdaunt, L84, M|243/243|[from] Flip Turn\n|move|p2a: Quagsire|Earthquake|p1a: Crawdaunt\n|-damage|p1a: Crawdaunt|141/243\n|\n|-heal|p2a: Quagsire|242/297|[from] item: Leftovers\n|upkeep\n|turn|3\n|\n|t:|1782749023\n|switch|p2a: Slither Wing|Slither Wing, L81|270/270\n|move|p1a: Crawdaunt|Crabhammer|p2a: Slither Wing\n|-damage|p2a: Slither Wing|0 fnt\n|faint|p2a: Slither Wing\n|-end|p2a: Slither Wing|Protosynthesis|[silent]\n|\n|upkeep\n|\n|t:|1782749048\n|switch|p2a: Eternatus|Eternatus, L69|308/308\n|-damage|p2a: Eternatus|270/308|[from] Stealth Rock\n|-ability|p2a: Eternatus|Pressure\n|turn|4\n|\n|t:|1782749049\n|switch|p1a: Iron Crown|Iron Crown, L78|268/268\n|move|p2a: Eternatus|Dynamax Cannon|p1a: Iron Crown\n|-resisted|p1a: Iron Crown\n|-damage|p1a: Iron Crown|223/268\n|\n|-heal|p2a: Eternatus|289/308|[from] item: Leftovers\n|upkeep\n|turn|5\n|\n|t:|1782749067\n|switch|p2a: Charizard|Charizard, L85, M|271/271\n|move|p1a: Iron Crown|Psyshock|p2a: Charizard\n|-damage|p2a: Charizard|130/271\n|\n|upkeep\n|turn|6\n|\n|t:|1782749072\n|move|p2a: Charizard|Flamethrower|p1a: Iron Crown\n|-supereffective|p1a: Iron Crown\n|-damage|p1a: Iron Crown|13/268\n|move|p1a: Iron Crown|Psyshock|p2a: Charizard\n|-damage|p2a: Charizard|0 fnt\n|faint|p2a: Charizard\n|\n|upkeep\n|\n|t:|1782749081\n|switch|p2a: Eternatus|Eternatus, L69|289/308\n|-damage|p2a: Eternatus|251/308|[from] Stealth Rock\n|-ability|p2a: Eternatus|Pressure\n|turn|7\n|\n|t:|1782749084\n|-end|p1a: Iron Crown|Quark Drive|[silent]\n|switch|p1a: Cryogonal|Cryogonal, L89|287/287\n|move|p2a: Eternatus|Dynamax Cannon|p1a: Cryogonal\n|-damage|p1a: Cryogonal|218/287\n|\n|-heal|p2a: Eternatus|270/308|[from] item: Leftovers\n|upkeep\n|turn|8\n|\n|t:|1782749089\n|switch|p2a: Fezandipiti|Fezandipiti, L82, M|278/278\n|-damage|p2a: Fezandipiti|244/278|[from] Stealth Rock\n|move|p1a: Cryogonal|Freeze-Dry|p2a: Fezandipiti\n|-damage|p2a: Fezandipiti|180/278\n|\n|-heal|p2a: Fezandipiti|197/278|[from] item: Leftovers\n|upkeep\n|turn|9\n|\n|t:|1782749096\n|switch|p1a: Swampert|Swampert, L83, M|284/302 tox\n|move|p2a: Fezandipiti|Moonblast|p1a: Swampert\n|-damage|p1a: Swampert|209/302 tox\n|-unboost|p1a: Swampert|spa|1\n|\n|-heal|p2a: Fezandipiti|214/278|[from] item: Leftovers\n|-heal|p1a: Swampert|227/302 tox|[from] item: Leftovers\n|-damage|p1a: Swampert|209/302 tox|[from] psn\n|upkeep\n|turn|10\n|\n|t:|1782749103\n|move|p2a: Fezandipiti|U-turn|p1a: Swampert\n|-damage|p1a: Swampert|163/302 tox\n|\n|t:|1782749105\n|switch|p2a: Salamence|Salamence, L77, F|273/273|[from] U-turn\n|move|p1a: Swampert|Earthquake|p2a: Salamence\n|-immune|p2a: Salamence\n|\n|-heal|p1a: Swampert|181/302 tox|[from] item: Leftovers\n|-damage|p1a: Swampert|145/302 tox|[from] psn\n|upkeep\n|turn|11\n|\n|t:|1782749119\n|switch|p2a: Fezandipiti|Fezandipiti, L82, M|214/278\n|-damage|p2a: Fezandipiti|180/278|[from] Stealth Rock\n|move|p1a: Swampert|Roar|p2a: Fezandipiti\n|drag|p2a: Quagsire|Quagsire, L84, F|242/297\n|-damage|p2a: Quagsire|224/297|[from] Stealth Rock\n|\n|-heal|p1a: Swampert|163/302 tox|[from] item: Leftovers\n|-heal|p2a: Quagsire|242/297|[from] item: Leftovers\n|-damage|p1a: Swampert|109/302 tox|[from] psn\n|upkeep\n|turn|12\n|\n|t:|1782749134\n|move|p1a: Swampert|Flip Turn|p2a: Quagsire\n|-damage|p2a: Quagsire|176/297\n|\n|t:|1782749135\n|switch|p1a: Iron Crown|Iron Crown, L78|13/268|[from] Flip Turn\n|move|p2a: Quagsire|Recover|p2a: Quagsire\n|-heal|p2a: Quagsire|297/297\n|\n|upkeep\n|turn|13\n|\n|t:|1782749142\n|move|p1a: Iron Crown|Volt Switch|p2a: Quagsire\n|-immune|p2a: Quagsire\n|move|p2a: Quagsire|Earthquake|p1a: Iron Crown\n|-supereffective|p1a: Iron Crown\n|-damage|p1a: Iron Crown|0 fnt\n|faint|p1a: Iron Crown\n|-end|p1a: Iron Crown|Quark Drive|[silent]\n|\n|upkeep\n|\n|t:|1782749143\n|switch|p1a: Crawdaunt|Crawdaunt, L84, M|141/243\n|turn|14\n|\n|t:|1782749151\n|move|p1a: Crawdaunt|Knock Off|p2a: Quagsire\n|-damage|p2a: Quagsire|47/297\n|-enditem|p2a: Quagsire|Leftovers|[from] move: Knock Off|[of] p1a: Crawdaunt\n|move|p2a: Quagsire|Earthquake|p1a: Crawdaunt\n|-damage|p1a: Crawdaunt|50/243\n|\n|upkeep\n|turn|15\n|\n|t:|1782749157\n|switch|p1a: Cryogonal|Cryogonal, L89|218/287\n|move|p2a: Quagsire|Earthquake|p1a: Cryogonal\n|-immune|p1a: Cryogonal|[from] ability: Levitate\n|\n|upkeep\n|turn|16\n|\n|t:|1782749163\n|switch|p2a: Fezandipiti|Fezandipiti, L82, M|180/278\n|-damage|p2a: Fezandipiti|146/278|[from] Stealth Rock\n|move|p1a: Cryogonal|Rapid Spin|p2a: Fezandipiti\n|-damage|p2a: Fezandipiti|117/278\n|-boost|p1a: Cryogonal|spe|1\n|\n|-heal|p2a: Fezandipiti|134/278|[from] item: Leftovers\n|upkeep\n|turn|17\n|\n|t:|1782749165\n|move|p1a: Cryogonal|Freeze-Dry|p2a: Fezandipiti\n|-damage|p2a: Fezandipiti|76/278\n|move|p2a: Fezandipiti|Roost|p2a: Fezandipiti\n|-heal|p2a: Fezandipiti|215/278\n|-singleturn|p2a: Fezandipiti|move: Roost\n|\n|-heal|p2a: Fezandipiti|232/278|[from] item: Leftovers\n|upkeep\n|turn|18\n|\n|t:|1782749170\n|-terastallize|p1a: Cryogonal|Poison\n|move|p1a: Cryogonal|Freeze-Dry|p2a: Fezandipiti\n|-crit|p2a: Fezandipiti\n|-damage|p2a: Fezandipiti|144/278\n|-status|p2a: Fezandipiti|frz\n|cant|p2a: Fezandipiti|frz\n|\n|-heal|p2a: Fezandipiti|161/278 frz|[from] item: Leftovers\n|upkeep\n|turn|19\n|\n|t:|1782749174\n|move|p1a: Cryogonal|Freeze-Dry|p2a: Fezandipiti\n|-damage|p2a: Fezandipiti|91/278 frz\n|cant|p2a: Fezandipiti|frz\n|\n|-heal|p2a: Fezandipiti|108/278 frz|[from] item: Leftovers\n|upkeep\n|turn|20\n|\n|t:|1782749180\n|move|p1a: Cryogonal|Freeze-Dry|p2a: Fezandipiti\n|-damage|p2a: Fezandipiti|38/278 frz\n|-curestatus|p2a: Fezandipiti|frz|[msg]\n|move|p2a: Fezandipiti|Roost|p2a: Fezandipiti\n|-heal|p2a: Fezandipiti|177/278\n|-singleturn|p2a: Fezandipiti|move: Roost\n|\n|-heal|p2a: Fezandipiti|194/278|[from] item: Leftovers\n|upkeep\n|turn|21\n|\n|t:|1782749184\n|move|p1a: Cryogonal|Freeze-Dry|p2a: Fezandipiti\n|-crit|p2a: Fezandipiti\n|-damage|p2a: Fezandipiti|101/278\n|move|p2a: Fezandipiti|Roost|p2a: Fezandipiti\n|-heal|p2a: Fezandipiti|240/278\n|-singleturn|p2a: Fezandipiti|move: Roost\n|\n|-heal|p2a: Fezandipiti|257/278|[from] item: Leftovers\n|upkeep\n|turn|22\n|\n|t:|1782749188\n|move|p1a: Cryogonal|Freeze-Dry|p2a: Fezandipiti\n|-damage|p2a: Fezandipiti|191/278\n|move|p2a: Fezandipiti|Roost|p2a: Fezandipiti\n|-heal|p2a: Fezandipiti|278/278\n|-singleturn|p2a: Fezandipiti|move: Roost\n|\n|upkeep\n|turn|23\n|\n|t:|1782749191\n|move|p1a: Cryogonal|Freeze-Dry|p2a: Fezandipiti\n|-damage|p2a: Fezandipiti|212/278\n|move|p2a: Fezandipiti|U-turn|p1a: Cryogonal\n|-resisted|p1a: Cryogonal\n|-crit|p1a: Cryogonal\n|-damage|p1a: Cryogonal|174/287\n|\n|t:|1782749195\n|switch|p2a: Salamence|Salamence, L77, F|273/273|[from] U-turn\n|\n|upkeep\n|turn|24\n|\n|t:|1782749198\n|-terastallize|p2a: Salamence|Steel\n|move|p1a: Cryogonal|Freeze-Dry|p2a: Salamence\n|-resisted|p2a: Salamence\n|-damage|p2a: Salamence|225/273\n|move|p2a: Salamence|Dragon Dance|p2a: Salamence\n|-boost|p2a: Salamence|atk|1\n|-boost|p2a: Salamence|spe|1\n|\n|upkeep\n|turn|25\n|\n|t:|1782749202\n|move|p1a: Cryogonal|Freeze-Dry|p2a: Salamence\n|-resisted|p2a: Salamence\n|-damage|p2a: Salamence|180/273\n|-status|p2a: Salamence|frz\n|cant|p2a: Salamence|frz\n|\n|upkeep\n|turn|26\n|\n|t:|1782749205\n|switch|p1a: Flamigo|Flamigo, L82, M|269/269\n|cant|p2a: Salamence|frz\n|\n|upkeep\n|turn|27\n|\n|t:|1782749212\n|switch|p2a: Fezandipiti|Fezandipiti, L82, M|212/278\n|-damage|p2a: Fezandipiti|178/278|[from] Stealth Rock\n|move|p1a: Flamigo|Close Combat|p2a: Fezandipiti\n|-resisted|p2a: Fezandipiti\n|-damage|p2a: Fezandipiti|126/278\n|-unboost|p1a: Flamigo|def|1\n|-unboost|p1a: Flamigo|spd|1\n|\n|-heal|p2a: Fezandipiti|143/278|[from] item: Leftovers\n|upkeep\n|turn|28\n|\n|t:|1782749217\n|switch|p1a: Cryogonal|Cryogonal, L89, tera:Poison|174/287\n|move|p2a: Fezandipiti|Roost|p2a: Fezandipiti\n|-heal|p2a: Fezandipiti|278/278\n|-singleturn|p2a: Fezandipiti|move: Roost\n|\n|upkeep\n|turn|29\n|\n|t:|1782749219\n|move|p1a: Cryogonal|Recover|p1a: Cryogonal\n|-heal|p1a: Cryogonal|287/287\n|move|p2a: Fezandipiti|U-turn|p1a: Cryogonal\n|-resisted|p1a: Cryogonal\n|-damage|p1a: Cryogonal|256/287\n|\n|t:|1782749221\n|switch|p2a: Salamence|Salamence, L77, F, tera:Steel|180/273 frz|[from] U-turn\n|\n|upkeep\n|turn|30\n|\n|t:|1782749226\n|switch|p1a: Swampert|Swampert, L83, M|109/302 tox\n|-curestatus|p2a: Salamence|frz|[msg]\n|move|p2a: Salamence|Dragon Dance|p2a: Salamence\n|-boost|p2a: Salamence|atk|1\n|-boost|p2a: Salamence|spe|1\n|\n|-heal|p1a: Swampert|127/302 tox|[from] item: Leftovers\n|-damage|p1a: Swampert|109/302 tox|[from] psn\n|upkeep\n|turn|31\n|\n|t:|1782749248\n|switch|p1a: Flamigo|Flamigo, L82, M|269/269\n|move|p2a: Salamence|Dual Wingbeat|p1a: Flamigo\n|-supereffective|p1a: Flamigo\n|-crit|p1a: Flamigo\n|-damage|p1a: Flamigo|27/269\n|-supereffective|p1a: Flamigo\n|-damage|p1a: Flamigo|0 fnt\n|faint|p1a: Flamigo\n|-ability|p2a: Salamence|Moxie|boost\n|-boost|p2a: Salamence|atk|1\n|-hitcount|p1: Flamigo|2\n|\n|upkeep\n|\n|t:|1782749248\n|switch|p1a: Crawdaunt|Crawdaunt, L84, M|50/243\n|turn|32\n|\n|t:|1782749255\n|move|p1a: Crawdaunt|Aqua Jet|p2a: Salamence\n|-damage|p2a: Salamence|52/273\n|move|p2a: Salamence|Outrage|p1a: Crawdaunt\n|-damage|p1a: Crawdaunt|0 fnt\n|faint|p1a: Crawdaunt\n|-ability|p2a: Salamence|Moxie|boost\n|-boost|p2a: Salamence|atk|1\n|\n|upkeep\n|\n|t:|1782749256\n|switch|p1a: Swampert|Swampert, L83, M|109/302 tox\n|turn|33\n|\n|t:|1782749259\n|switch|p1a: Ditto|Ditto, L87|225/225\n|-transform|p1a: Ditto|p2a: Salamence|[from] ability: Imposter\n|move|p2a: Salamence|Outrage|p1a: Ditto|[from] lockedmove\n|-supereffective|p1a: Ditto\n|-damage|p1a: Ditto|0 fnt\n|faint|p1a: Ditto\n|-ability|p2a: Salamence|Moxie|boost\n|-boost|p2a: Salamence|atk|1\n|-start|p2a: Salamence|confusion|[fatigue]\n|\n|upkeep\n|\n|t:|1782749259\n|switch|p1a: Swampert|Swampert, L83, M|109/302 tox\n|turn|34\n|\n|t:|1782749266\n|-activate|p2a: Salamence|confusion\n|-damage|p2a: Salamence|0 fnt|[from] confusion\n|faint|p2a: Salamence\n|move|p1a: Swampert|Roar|p2: Salamence|[notarget]\n|-fail|p1a: Swampert\n|\n|-heal|p1a: Swampert|127/302 tox|[from] item: Leftovers\n|-damage|p1a: Swampert|109/302 tox|[from] psn\n|upkeep\n|inactive|milkreo has 120 seconds left.\n|\n|t:|1782749300\n|switch|p2a: Eternatus|Eternatus, L69|270/308\n|-damage|p2a: Eternatus|232/308|[from] Stealth Rock\n|-ability|p2a: Eternatus|Pressure\n|turn|35\n|\n|t:|1782749309\n|switch|p2a: Quagsire|Quagsire, L84, F|47/297\n|-damage|p2a: Quagsire|29/297|[from] Stealth Rock\n|move|p1a: Swampert|Earthquake|p2a: Quagsire\n|-damage|p2a: Quagsire|0 fnt\n|faint|p2a: Quagsire\n|\n|-heal|p1a: Swampert|127/302 tox|[from] item: Leftovers\n|-damage|p1a: Swampert|91/302 tox|[from] psn\n|upkeep\n|\n|t:|1782749312\n|switch|p2a: Eternatus|Eternatus, L69|232/308\n|-damage|p2a: Eternatus|194/308|[from] Stealth Rock\n|-ability|p2a: Eternatus|Pressure\n|turn|36\n|\n|t:|1782749314\n|switch|p1a: Cryogonal|Cryogonal, L89, tera:Poison|256/287\n|move|p2a: Eternatus|Dynamax Cannon|p1a: Cryogonal\n|-damage|p1a: Cryogonal|184/287\n|\n|-heal|p2a: Eternatus|213/308|[from] item: Leftovers\n|upkeep\n|turn|37\n|\n|t:|1782749326\n|switch|p2a: Fezandipiti|Fezandipiti, L82, M|278/278\n|-damage|p2a: Fezandipiti|244/278|[from] Stealth Rock\n|move|p1a: Cryogonal|Freeze-Dry|p2a: Fezandipiti\n|-damage|p2a: Fezandipiti|181/278\n|\n|-heal|p2a: Fezandipiti|198/278|[from] item: Leftovers\n|upkeep\n|turn|38\n|\n|t:|1782749329\n|move|p1a: Cryogonal|Rapid Spin|p2a: Fezandipiti\n|-damage|p2a: Fezandipiti|170/278\n|-boost|p1a: Cryogonal|spe|1\n|move|p2a: Fezandipiti|Moonblast|p1a: Cryogonal\n|-resisted|p1a: Cryogonal\n|-damage|p1a: Cryogonal|157/287\n|\n|-heal|p2a: Fezandipiti|187/278|[from] item: Leftovers\n|upkeep\n|turn|39\n|\n|t:|1782749333\n|move|p1a: Cryogonal|Recover|p1a: Cryogonal\n|-heal|p1a: Cryogonal|287/287\n|move|p2a: Fezandipiti|Moonblast|p1a: Cryogonal\n|-resisted|p1a: Cryogonal\n|-damage|p1a: Cryogonal|262/287\n|\n|-heal|p2a: Fezandipiti|204/278|[from] item: Leftovers\n|upkeep\n|turn|40\n|\n|t:|1782749335\n|move|p1a: Cryogonal|Rapid Spin|p2a: Fezandipiti\n|-damage|p2a: Fezandipiti|179/278\n|-boost|p1a: Cryogonal|spe|1\n|move|p2a: Fezandipiti|Moonblast|p1a: Cryogonal\n|-resisted|p1a: Cryogonal\n|-damage|p1a: Cryogonal|235/287\n|-unboost|p1a: Cryogonal|spa|1\n|\n|-heal|p2a: Fezandipiti|196/278|[from] item: Leftovers\n|upkeep\n|turn|41\n|\n|t:|1782749338\n|move|p1a: Cryogonal|Freeze-Dry|p2a: Fezandipiti\n|-damage|p2a: Fezandipiti|154/278\n|move|p2a: Fezandipiti|Moonblast|p1a: Cryogonal\n|-resisted|p1a: Cryogonal\n|-damage|p1a: Cryogonal|209/287\n|\n|-heal|p2a: Fezandipiti|171/278|[from] item: Leftovers\n|upkeep\n|turn|42\n|\n|t:|1782749341\n|move|p1a: Cryogonal|Freeze-Dry|p2a: Fezandipiti\n|-damage|p2a: Fezandipiti|126/278\n|move|p2a: Fezandipiti|Moonblast|p1a: Cryogonal\n|-resisted|p1a: Cryogonal\n|-damage|p1a: Cryogonal|182/287\n|\n|-heal|p2a: Fezandipiti|143/278|[from] item: Leftovers\n|upkeep\n|turn|43\n|\n|t:|1782749343\n|move|p1a: Cryogonal|Recover|p1a: Cryogonal\n|-heal|p1a: Cryogonal|287/287\n|move|p2a: Fezandipiti|Roost|p2a: Fezandipiti\n|-heal|p2a: Fezandipiti|278/278\n|-singleturn|p2a: Fezandipiti|move: Roost\n|\n|upkeep\n|turn|44\n|\n|t:|1782749345\n|move|p1a: Cryogonal|Freeze-Dry|p2a: Fezandipiti\n|-damage|p2a: Fezandipiti|236/278\n|move|p2a: Fezandipiti|Moonblast|p1a: Cryogonal\n|-resisted|p1a: Cryogonal\n|-damage|p1a: Cryogonal|260/287\n|-unboost|p1a: Cryogonal|spa|1\n|\n|-heal|p2a: Fezandipiti|253/278|[from] item: Leftovers\n|upkeep\n|turn|45\n|\n|t:|1782749348\n|move|p1a: Cryogonal|Haze|p1a: Cryogonal\n|-clearallboost\n|move|p2a: Fezandipiti|Moonblast|p1a: Cryogonal\n|-resisted|p1a: Cryogonal\n|-damage|p1a: Cryogonal|236/287\n|\n|-heal|p2a: Fezandipiti|270/278|[from] item: Leftovers\n|upkeep\n|turn|46\n|\n|t:|1782749350\n|move|p1a: Cryogonal|Rapid Spin|p2a: Fezandipiti\n|-damage|p2a: Fezandipiti|245/278\n|-boost|p1a: Cryogonal|spe|1\n|move|p2a: Fezandipiti|Moonblast|p1a: Cryogonal\n|-resisted|p1a: Cryogonal\n|-damage|p1a: Cryogonal|209/287\n|\n|-heal|p2a: Fezandipiti|262/278|[from] item: Leftovers\n|upkeep\n|turn|47\n|\n|t:|1782749352\n|move|p1a: Cryogonal|Rapid Spin|p2a: Fezandipiti\n|-damage|p2a: Fezandipiti|232/278\n|-boost|p1a: Cryogonal|spe|1\n|move|p2a: Fezandipiti|Moonblast|p1a: Cryogonal\n|-resisted|p1a: Cryogonal\n|-damage|p1a: Cryogonal|184/287\n|\n|-heal|p2a: Fezandipiti|249/278|[from] item: Leftovers\n|upkeep\n|turn|48\n|\n|t:|1782749354\n|move|p1a: Cryogonal|Recover|p1a: Cryogonal\n|-heal|p1a: Cryogonal|287/287\n|move|p2a: Fezandipiti|Moonblast|p1a: Cryogonal\n|-resisted|p1a: Cryogonal\n|-damage|p1a: Cryogonal|261/287\n|-unboost|p1a: Cryogonal|spa|1\n|\n|-heal|p2a: Fezandipiti|266/278|[from] item: Leftovers\n|upkeep\n|turn|49\n|\n|t:|1782749357\n|move|p1a: Cryogonal|Freeze-Dry|p2a: Fezandipiti\n|-damage|p2a: Fezandipiti|224/278\n|move|p2a: Fezandipiti|Gunk Shot|p1a: Cryogonal\n|-resisted|p1a: Cryogonal\n|-damage|p1a: Cryogonal|183/287\n|\n|-heal|p2a: Fezandipiti|241/278|[from] item: Leftovers\n|upkeep\n|turn|50\n|\n|t:|1782749359\n|move|p1a: Cryogonal|Recover|p1a: Cryogonal\n|-heal|p1a: Cryogonal|287/287\n|move|p2a: Fezandipiti|Gunk Shot|p1a: Cryogonal\n|-resisted|p1a: Cryogonal\n|-damage|p1a: Cryogonal|210/287\n|\n|-heal|p2a: Fezandipiti|258/278|[from] item: Leftovers\n|upkeep\n|turn|51\n|\n|t:|1782749362\n|move|p1a: Cryogonal|Recover|p1a: Cryogonal\n|-heal|p1a: Cryogonal|287/287\n|move|p2a: Fezandipiti|Gunk Shot|p1a: Cryogonal|[miss]\n|-miss|p2a: Fezandipiti|p1a: Cryogonal\n|\n|-heal|p2a: Fezandipiti|275/278|[from] item: Leftovers\n|upkeep\n|turn|52\n|\n|t:|1782749364\n|move|p1a: Cryogonal|Freeze-Dry|p2a: Fezandipiti\n|-damage|p2a: Fezandipiti|229/278\n|move|p2a: Fezandipiti|Gunk Shot|p1a: Cryogonal\n|-resisted|p1a: Cryogonal\n|-crit|p1a: Cryogonal\n|-damage|p1a: Cryogonal|160/287\n|\n|-heal|p2a: Fezandipiti|246/278|[from] item: Leftovers\n|upkeep\n|turn|53\n|\n|t:|1782749366\n|move|p1a: Cryogonal|Recover|p1a: Cryogonal\n|-heal|p1a: Cryogonal|287/287\n|move|p2a: Fezandipiti|Gunk Shot|p1a: Cryogonal\n|-resisted|p1a: Cryogonal\n|-damage|p1a: Cryogonal|213/287\n|\n|-heal|p2a: Fezandipiti|263/278|[from] item: Leftovers\n|upkeep\n|turn|54\n|\n|t:|1782749369\n|move|p1a: Cryogonal|Freeze-Dry|p2a: Fezandipiti\n|-damage|p2a: Fezandipiti|218/278\n|move|p2a: Fezandipiti|Gunk Shot|p1a: Cryogonal\n|-resisted|p1a: Cryogonal\n|-damage|p1a: Cryogonal|129/287\n|\n|-heal|p2a: Fezandipiti|235/278|[from] item: Leftovers\n|upkeep\n|turn|55\n|\n|t:|1782749373\n|move|p1a: Cryogonal|Recover|p1a: Cryogonal\n|-heal|p1a: Cryogonal|273/287\n|move|p2a: Fezandipiti|Moonblast|p1a: Cryogonal\n|-resisted|p1a: Cryogonal\n|-damage|p1a: Cryogonal|246/287\n|\n|-heal|p2a: Fezandipiti|252/278|[from] item: Leftovers\n|upkeep\n|turn|56\n|\n|t:|1782749376\n|move|p1a: Cryogonal|Freeze-Dry|p2a: Fezandipiti\n|-damage|p2a: Fezandipiti|210/278\n|move|p2a: Fezandipiti|Gunk Shot|p1a: Cryogonal\n|-resisted|p1a: Cryogonal\n|-damage|p1a: Cryogonal|170/287\n|\n|-heal|p2a: Fezandipiti|227/278|[from] item: Leftovers\n|upkeep\n|turn|57\n|\n|t:|1782749378\n|move|p1a: Cryogonal|Freeze-Dry|p2a: Fezandipiti\n|-damage|p2a: Fezandipiti|187/278\n|move|p2a: Fezandipiti|Gunk Shot|p1a: Cryogonal\n|-resisted|p1a: Cryogonal\n|-damage|p1a: Cryogonal|97/287\n|\n|-heal|p2a: Fezandipiti|204/278|[from] item: Leftovers\n|upkeep\n|turn|58\n|\n|t:|1782749382\n|move|p1a: Cryogonal|Freeze-Dry|p2a: Fezandipiti\n|-damage|p2a: Fezandipiti|158/278\n|move|p2a: Fezandipiti|Moonblast|p1a: Cryogonal\n|-resisted|p1a: Cryogonal\n|-damage|p1a: Cryogonal|72/287\n|\n|-heal|p2a: Fezandipiti|175/278|[from] item: Leftovers\n|upkeep\n|turn|59\n|\n|t:|1782749385\n|move|p1a: Cryogonal|Freeze-Dry|p2a: Fezandipiti\n|-damage|p2a: Fezandipiti|132/278\n|move|p2a: Fezandipiti|Moonblast|p1a: Cryogonal\n|-resisted|p1a: Cryogonal\n|-damage|p1a: Cryogonal|49/287\n|\n|-heal|p2a: Fezandipiti|149/278|[from] item: Leftovers\n|upkeep\n|turn|60\n|\n|t:|1782749387\n|move|p1a: Cryogonal|Freeze-Dry|p2a: Fezandipiti\n|-damage|p2a: Fezandipiti|106/278\n|move|p2a: Fezandipiti|Roost|p2a: Fezandipiti\n|-heal|p2a: Fezandipiti|245/278\n|-singleturn|p2a: Fezandipiti|move: Roost\n|\n|-heal|p2a: Fezandipiti|262/278|[from] item: Leftovers\n|upkeep\n|turn|61\n|\n|t:|1782749388\n|move|p1a: Cryogonal|Freeze-Dry|p2a: Fezandipiti\n|-damage|p2a: Fezandipiti|217/278\n|move|p2a: Fezandipiti|Moonblast|p1a: Cryogonal\n|-resisted|p1a: Cryogonal\n|-damage|p1a: Cryogonal|23/287\n|-unboost|p1a: Cryogonal|spa|1\n|\n|-heal|p2a: Fezandipiti|234/278|[from] item: Leftovers\n|upkeep\n|turn|62\n|\n|t:|1782749396\n|move|p1a: Cryogonal|Freeze-Dry|p2a: Fezandipiti\n|-damage|p2a: Fezandipiti|203/278\n|move|p2a: Fezandipiti|Moonblast|p1a: Cryogonal\n|-resisted|p1a: Cryogonal\n|-damage|p1a: Cryogonal|0 fnt\n|faint|p1a: Cryogonal\n|\n|-heal|p2a: Fezandipiti|220/278|[from] item: Leftovers\n|upkeep\n|\n|t:|1782749396\n|switch|p1a: Swampert|Swampert, L83, M|91/302 tox\n|turn|63\n|\n|t:|1782749398\n|move|p2a: Fezandipiti|Moonblast|p1a: Swampert\n|-damage|p1a: Swampert|12/302 tox\n|-unboost|p1a: Swampert|spa|1\n|move|p1a: Swampert|Earthquake|p2a: Fezandipiti\n|-supereffective|p2a: Fezandipiti\n|-damage|p2a: Fezandipiti|0 fnt\n|faint|p2a: Fezandipiti\n|\n|-heal|p1a: Swampert|30/302 tox|[from] item: Leftovers\n|-damage|p1a: Swampert|12/302 tox|[from] psn\n|upkeep\n|\n|t:|1782749400\n|switch|p2a: Eternatus|Eternatus, L69|213/308\n|-damage|p2a: Eternatus|175/308|[from] Stealth Rock\n|-ability|p2a: Eternatus|Pressure\n|turn|64\n|\n|t:|1782749401\n|move|p2a: Eternatus|Dynamax Cannon|p1a: Swampert\n|-crit|p1a: Swampert\n|-damage|p1a: Swampert|0 fnt\n|faint|p1a: Swampert\n|\n|win|milkreo\n|raw|notmetbh102's rating: 2348 &rarr; <strong>2328</strong><br />(-20 for losing)\n|raw|milkreo's rating: 2344 &rarr; <strong>2364</strong><br />(+20 for winning)\n|c|\u2606notmetbh102|gg\n", "inputlog": ">version f8ac14003a5f27e1bdc8d8c59608a773c1cb96e5\n>start {\"formatid\":\"gen9randombattle\",\"seed\":\"sodium,902ed970f24d4f4324edbfdbebac5bde\",\"rated\":\"Rated battle\"}\n>player p1 {\"name\":\"notmetbh102\",\"avatar\":\"2\",\"rating\":2348,\"seed\":\"sodium,9339d3b807822323ce7c31e4702f320e\"}\n>player p2 {\"name\":\"milkreo\",\"avatar\":\"102\",\"rating\":2344,\"seed\":\"sodium,e8049a86b123e246e3b5c5b6dbb7227d\"}\n>chat \u2606notmetbh102|hf\n>p1 move stealthrock\n>p2 move toxic\n>p1 move flipturn\n>p2 move earthquake\n>p1 switch 6\n>p1 move crabhammer\n>p2 switch 3\n>p2 switch 2\n>p1 switch 5\n>p2 move dynamaxcannon\n>p1 move psyshock\n>p2 switch 4\n>p1 move psyshock\n>p2 move flamethrower\n>p2 switch 4\n>p1 switch 4\n>p2 move dynamaxcannon\n>p1 move freezedry\n>p2 switch 6\n>p1 switch 6\n>p2 move moonblast\n>p1 move earthquake\n>p2 move uturn\n>p2 switch 5\n>p1 move roar\n>p2 switch 5\n>p1 move flipturn\n>p2 move recover\n>p1 switch 4\n>p1 move voltswitch\n>p2 move earthquake\n>p1 switch 5\n>p1 move knockoff\n>p2 move earthquake\n>p1 switch 6\n>p2 move earthquake\n>p1 move rapidspin\n>p2 switch 3\n>p1 move freezedry\n>p2 move roost\n>p1 move freezedry terastallize\n>p2 move gunkshot\n>p1 move freezedry\n>p2 move roost\n>p1 move freezedry\n>p2 move roost\n>p1 move freezedry\n>p2 move roost\n>p1 move freezedry\n>p2 move roost\n>p1 move freezedry\n>p2 move uturn\n>p2 switch 5\n>p1 move freezedry\n>p2 move dragondance terastallize\n>p1 move freezedry\n>p2 move dragondance\n>p1 switch 2\n>p2 move dragondance\n>p1 move closecombat\n>p2 switch 5\n>p1 switch 2\n>p2 move roost\n>p1 move recover\n>p2 move uturn\n>p2 switch 5\n>p1 switch 4\n>p2 move dragondance\n>p1 switch 2\n>p2 move dualwingbeat\n>p1 switch 6\n>p1 move aquajet\n>p2 move outrage\n>p1 switch 2\n>p1 switch 3\n>p2 move outrage\n>p1 switch 3\n>p1 move roar\n>p2 move outrage\n>p2 switch 6\n>p1 move earthquake\n>p2 switch 3\n>p2 switch 3\n>p1 switch 4\n>p2 move dynamaxcannon\n>p1 move freezedry\n>p2 switch 5\n>p1 move rapidspin\n>p2 move moonblast\n>p1 move recover\n>p2 move moonblast\n>p1 move rapidspin\n>p2 move moonblast\n>p1 move freezedry\n>p2 move moonblast\n>p1 move freezedry\n>p2 move moonblast\n>p1 move recover\n>p2 move roost\n>p1 move freezedry\n>p2 move moonblast\n>p1 move haze\n>p2 move moonblast\n>p1 move rapidspin\n>p2 move moonblast\n>p1 move rapidspin\n>p2 move moonblast\n>p1 move recover\n>p2 move moonblast\n>p1 move freezedry\n>p2 move gunkshot\n>p1 move recover\n>p2 move gunkshot\n>p1 move recover\n>p2 move gunkshot\n>p1 move freezedry\n>p2 move gunkshot\n>p1 move recover\n>p2 move gunkshot\n>p1 move freezedry\n>p2 move gunkshot\n>p1 move recover\n>p2 move moonblast\n>p1 move freezedry\n>p2 move gunkshot\n>p1 move freezedry\n>p2 move gunkshot\n>p1 move freezedry\n>p2 move moonblast\n>p1 move freezedry\n>p2 move moonblast\n>p1 move freezedry\n>p2 move roost\n>p1 move freezedry\n>p2 move moonblast\n>p1 move freezedry\n>p2 move moonblast\n>p1 switch 4\n>p1 move earthquake\n>p2 move moonblast\n>p2 switch 5\n>p1 move earthquake\n>p2 move dynamaxcannon", "uploadtime": 1782749401, "views": 9, "formatid": "gen9randombattle", "rating": 2328, "private": 0, "password": null, "player_dets": [{"name": "notmetbh102", "avatar": "2", "rating": 2348, "seed": "sodium,9339d3b807822323ce7c31e4702f320e"}, {"name": "milkreo", "avatar": "102", "rating": 2344, "seed": "sodium,e8049a86b123e246e3b5c5b6dbb7227d"}], "teams_full": [{"Swampert": {"name": "Swampert", "species": "Swampert", "speciesId": "swampert", "gender": "M", "shiny": false, "level": 83, "moves": ["roar", "flipturn", "stealthrock", "earthquake"], "ability": "Torrent", "evs": {"hp": 85, "atk": 85, "def": 85, "spa": 85, "spd": 85, "spe": 85}, "ivs": {"hp": 31, "atk": 31, "def": 31, "spa": 31, "spd": 31, "spe": 31}, "item": "Leftovers", "teraType": "Poison", "role": "Bulky Support", "bvs": {"hp": 100, "atk": 110, "def": 90, "spa": 85, "spd": 90, "spe": 60}, "stats": {"hp": 302, "atk": 230, "def": 197, "spa": 189, "spd": 197, "spe": 147}, "types": ["Water", "Ground"]}, "Flamigo": {"name": "Flamigo", "species": "Flamigo", "speciesId": "flamigo", "gender": "M", "shiny": false, "level": 82, "moves": ["closecombat", "throatchop", "bravebird", "uturn"], "ability": "Scrappy", "evs": {"hp": 85, "atk": 85, "def": 85, "spa": 85, "spd": 85, "spe": 85}, "ivs": {"hp": 31, "atk": 31, "def": 31, "spa": 31, "spd": 31, "spe": 31}, "item": "Choice Band", "teraType": "Fighting", "role": "Fast Attacker", "bvs": {"hp": 82, "atk": 115, "def": 74, "spa": 75, "spd": 64, "spe": 90}, "stats": {"hp": 269, "atk": 236, "def": 169, "spa": 170, "spd": 152, "spe": 195}, "types": ["Flying", "Fighting"]}, "Ditto": {"name": "Ditto", "species": "Ditto", "speciesId": "ditto", "gender": "N", "shiny": false, "level": 87, "moves": ["transform"], "ability": "Imposter", "evs": {"hp": 85, "atk": 85, "def": 85, "spa": 85, "spd": 85, "spe": 85}, "ivs": {"hp": 31, "atk": 31, "def": 31, "spa": 31, "spd": 31, "spe": 31}, "item": "Choice Scarf", "teraType": "Ghost", "role": "Fast Support", "bvs": {"hp": 48, "atk": 48, "def": 48, "spa": 48, "spd": 48, "spe": 48}, "stats": {"hp": 225, "atk": 133, "def": 133, "spa": 133, "spd": 133, "spe": 133}, "types": ["Normal"]}, "Cryogonal": {"name": "Cryogonal", "species": "Cryogonal", "speciesId": "cryogonal", "gender": "N", "shiny": false, "level": 89, "moves": ["haze", "recover", "rapidspin", "freezedry"], "ability": "Levitate", "evs": {"hp": 85, "atk": 85, "def": 85, "spa": 85, "spd": 85, "spe": 85}, "ivs": {"hp": 31, "atk": 31, "def": 31, "spa": 31, "spd": 31, "spe": 31}, "item": "Heavy-Duty Boots", "teraType": "Poison", "role": "Bulky Support", "bvs": {"hp": 80, "atk": 50, "def": 50, "spa": 95, "spd": 135, "spe": 105}, "stats": {"hp": 287, "atk": 140, "def": 140, "spa": 220, "spd": 291, "spe": 238}, "types": ["Ice"]}, "Iron Crown": {"name": "Iron Crown", "species": "Iron Crown", "speciesId": "ironcrown", "gender": "N", "shiny": false, "level": 78, "moves": ["psyshock", "tachyoncutter", "focusblast", "voltswitch"], "ability": "Quark Drive", "evs": {"hp": 85, "atk": 0, "def": 85, "spa": 85, "spd": 85, "spe": 85}, "ivs": {"hp": 31, "atk": 0, "def": 31, "spa": 31, "spd": 31, "spe": 31}, "item": "Choice Specs", "teraType": "Fighting", "role": "Wallbreaker", "bvs": {"hp": 90, "atk": 72, "def": 100, "spa": 122, "spd": 108, "spe": 98}, "stats": {"hp": 268, "atk": 117, "def": 201, "spa": 235, "spd": 214, "spe": 198}, "types": ["Steel", "Psychic"]}, "Crawdaunt": {"name": "Crawdaunt", "species": "Crawdaunt", "speciesId": "crawdaunt", "gender": "M", "shiny": false, "level": 84, "moves": ["aquajet", "closecombat", "crabhammer", "knockoff"], "ability": "Adaptability", "evs": {"hp": 85, "atk": 85, "def": 85, "spa": 85, "spd": 85, "spe": 85}, "ivs": {"hp": 31, "atk": 31, "def": 31, "spa": 31, "spd": 31, "spe": 31}, "item": "Choice Band", "teraType": "Fighting", "role": "Fast Attacker", "bvs": {"hp": 63, "atk": 120, "def": 85, "spa": 90, "spd": 55, "spe": 55}, "stats": {"hp": 243, "atk": 250, "def": 191, "spa": 199, "spd": 141, "spe": 141}, "types": ["Water", "Dark"]}}, {"Quagsire": {"name": "Quagsire", "species": "Quagsire", "speciesId": "quagsire", "gender": "F", "shiny": false, "level": 84, "moves": ["toxic", "earthquake", "recover", "icebeam"], "ability": "Unaware", "evs": {"hp": 85, "atk": 85, "def": 85, "spa": 85, "spd": 85, "spe": 85}, "ivs": {"hp": 31, "atk": 31, "def": 31, "spa": 31, "spd": 31, "spe": 31}, "item": "Leftovers", "teraType": "Poison", "role": "Bulky Support", "bvs": {"hp": 95, "atk": 85, "def": 85, "spa": 65, "spd": 65, "spe": 35}, "stats": {"hp": 297, "atk": 191, "def": 191, "spa": 157, "spd": 157, "spe": 107}, "types": ["Water", "Ground"]}, "Eternatus": {"name": "Eternatus", "species": "Eternatus", "speciesId": "eternatus", "gender": "N", "shiny": false, "level": 69, "moves": ["dynamaxcannon", "recover", "flamethrower", "toxic"], "ability": "Pressure", "evs": {"hp": 85, "atk": 0, "def": 85, "spa": 85, "spd": 85, "spe": 85}, "ivs": {"hp": 31, "atk": 0, "def": 31, "spa": 31, "spd": 31, "spe": 31}, "item": "Leftovers", "teraType": "Water", "role": "Bulky Support", "bvs": {"hp": 140, "atk": 85, "def": 95, "spa": 145, "spd": 95, "spe": 130}, "stats": {"hp": 308, "atk": 122, "def": 171, "spa": 240, "spd": 171, "spe": 220}, "types": ["Poison", "Dragon"]}, "Slither Wing": {"name": "Slither Wing", "species": "Slither Wing", "speciesId": "slitherwing", "gender": "N", "shiny": false, "level": 81, "moves": ["willowisp", "closecombat", "morningsun", "uturn"], "ability": "Protosynthesis", "evs": {"hp": 85, "atk": 85, "def": 85, "spa": 85, "spd": 85, "spe": 85}, "ivs": {"hp": 31, "atk": 31, "def": 31, "spa": 31, "spd": 31, "spe": 31}, "item": "Heavy-Duty Boots", "teraType": "Steel", "role": "Fast Support", "bvs": {"hp": 85, "atk": 135, "def": 79, "spa": 85, "spd": 105, "spe": 81}, "stats": {"hp": 270, "atk": 265, "def": 175, "spa": 184, "spd": 217, "spe": 178}, "types": ["Bug", "Fighting"]}, "Charizard": {"name": "Charizard", "species": "Charizard", "speciesId": "charizard", "gender": "M", "shiny": false, "level": 85, "moves": ["flamethrower", "focusblast", "hurricane", "willowisp"], "ability": "Blaze", "evs": {"hp": 85, "atk": 0, "def": 85, "spa": 85, "spd": 85, "spe": 85}, "ivs": {"hp": 31, "atk": 0, "def": 31, "spa": 31, "spd": 31, "spe": 31}, "item": "Heavy-Duty Boots", "teraType": "Dragon", "role": "Fast Attacker", "bvs": {"hp": 78, "atk": 84, "def": 78, "spa": 109, "spd": 85, "spe": 100}, "stats": {"hp": 271, "atk": 147, "def": 181, "spa": 234, "spd": 193, "spe": 219}, "types": ["Fire", "Flying"]}, "Salamence": {"name": "Salamence", "species": "Salamence", "speciesId": "salamence", "gender": "F", "shiny": false, "level": 77, "moves": ["outrage", "dragondance", "roost", "dualwingbeat"], "ability": "Moxie", "evs": {"hp": 85, "atk": 85, "def": 85, "spa": 85, "spd": 85, "spe": 85}, "ivs": {"hp": 31, "atk": 31, "def": 31, "spa": 31, "spd": 31, "spe": 31}, "item": "Heavy-Duty Boots", "teraType": "Steel", "role": "Setup Sweeper", "bvs": {"hp": 95, "atk": 135, "def": 80, "spa": 110, "spd": 80, "spe": 100}, "stats": {"hp": 273, "atk": 252, "def": 168, "spa": 214, "spd": 168, "spe": 199}, "types": ["Dragon", "Flying"]}, "Fezandipiti": {"name": "Fezandipiti", "species": "Fezandipiti", "speciesId": "fezandipiti", "gender": "M", "shiny": false, "level": 82, "moves": ["moonblast", "roost", "uturn", "gunkshot"], "ability": "Toxic Chain", "evs": {"hp": 85, "atk": 85, "def": 85, "spa": 85, "spd": 85, "spe": 85}, "ivs": {"hp": 31, "atk": 31, "def": 31, "spa": 31, "spd": 31, "spe": 31}, "item": "Leftovers", "teraType": "Water", "role": "Bulky Attacker", "bvs": {"hp": 88, "atk": 91, "def": 82, "spa": 70, "spd": 125, "spe": 99}, "stats": {"hp": 278, "atk": 196, "def": 182, "spa": 162, "spd": 252, "spe": 210}, "types": ["Poison", "Fairy"]}}]}