{"id": "gen9randombattle-2641668327", "format": "[Gen 9] Random Battle", "players": ["Upright bratwurst", "GGQuaker"], "log": "|j|\u2606Upright bratwurst\n|j|\u2606GGQuaker\n|t:|1782827426\n|gametype|singles\n|player|p1|Upright bratwurst|2|1740\n|player|p2|GGQuaker|acetrainer-gen4dp|1698\n|gen|9\n|tier|[Gen 9] Random Battle\n|rated|\n|rule|Species Clause: Limit one of each Pok\u00e9mon\n|rule|HP Percentage Mod: HP is shown in percentages\n|rule|Sleep Clause Mod: Limit one foe put to sleep\n|rule|Illusion Level Mod: Illusion disguises the Pok\u00e9mon's true level\n|\n|t:|1782827426\n|teamsize|p1|6\n|teamsize|p2|6\n|start\n|switch|p1a: Milotic|Milotic, L83, M|293/293\n|switch|p2a: Lokix|Lokix, L82, M|251/251\n|turn|1\n|inactive|Battle timer is ON: inactive players will automatically lose when time's up. (requested by GGQuaker)\n|\n|t:|1782827446\n|move|p2a: Lokix|U-turn|p1a: Milotic\n|-damage|p1a: Milotic|197/293\n|\n|t:|1782827461\n|switch|p2a: Umbreon|Umbreon, L84, F|297/297|[from] U-turn\n|move|p1a: Milotic|Scald|p2a: Umbreon\n|-crit|p2a: Umbreon\n|-damage|p2a: Umbreon|204/297\n|\n|-heal|p1a: Milotic|215/293|[from] item: Leftovers\n|-heal|p2a: Umbreon|222/297|[from] item: Leftovers\n|upkeep\n|turn|2\n|\n|t:|1782827470\n|switch|p1a: Dragalge|Dragalge, L88, M|258/258\n|move|p2a: Umbreon|Toxic|p1a: Dragalge\n|-immune|p1a: Dragalge\n|\n|-heal|p2a: Umbreon|240/297|[from] item: Leftovers\n|upkeep\n|turn|3\n|\n|t:|1782827475\n|move|p2a: Umbreon|Protect|p2a: Umbreon\n|-singleturn|p2a: Umbreon|Protect\n|move|p1a: Dragalge|Dragon Tail|p2a: Umbreon\n|-activate|p2a: Umbreon|move: Protect\n|\n|-heal|p2a: Umbreon|258/297|[from] item: Leftovers\n|upkeep\n|turn|4\n|\n|t:|1782827484\n|move|p2a: Umbreon|Foul Play|p1a: Dragalge\n|-damage|p1a: Dragalge|183/258\n|move|p1a: Dragalge|Focus Blast|p2a: Umbreon\n|-supereffective|p2a: Umbreon\n|-damage|p2a: Umbreon|118/297\n|\n|-heal|p2a: Umbreon|136/297|[from] item: Leftovers\n|upkeep\n|turn|5\n|\n|t:|1782827494\n|move|p2a: Umbreon|Protect|p2a: Umbreon\n|-singleturn|p2a: Umbreon|Protect\n|move|p1a: Dragalge|Dragon Tail|p2a: Umbreon\n|-activate|p2a: Umbreon|move: Protect\n|\n|-heal|p2a: Umbreon|154/297|[from] item: Leftovers\n|upkeep\n|turn|6\n|\n|t:|1782827501\n|move|p2a: Umbreon|Wish|p2a: Umbreon\n|move|p1a: Dragalge|Dragon Tail|p2a: Umbreon\n|-damage|p2a: Umbreon|86/297\n|drag|p2a: Swalot|Swalot, L90, F|326/326\n|\n|upkeep\n|turn|7\n|\n|t:|1782827511\n|move|p2a: Swalot|Earthquake|p1a: Dragalge\n|-supereffective|p1a: Dragalge\n|-damage|p1a: Dragalge|57/258\n|move|p1a: Dragalge|Draco Meteor|p2a: Swalot\n|-damage|p2a: Swalot|124/326\n|-unboost|p1a: Dragalge|spa|2\n|\n|-heal|p2a: Swalot|272/326|[from] move: Wish|[wisher] Umbreon\n|-heal|p2a: Swalot|292/326|[from] item: Leftovers\n|upkeep\n|turn|8\n|\n|t:|1782827520\n|switch|p1a: Slowking|Slowking, L88, M|310/310\n|move|p2a: Swalot|Knock Off|p1a: Slowking\n|-supereffective|p1a: Slowking\n|-damage|p1a: Slowking|172/310\n|-enditem|p1a: Slowking|Heavy-Duty Boots|[from] move: Knock Off|[of] p2a: Swalot\n|\n|-heal|p2a: Swalot|312/326|[from] item: Leftovers\n|upkeep\n|turn|9\n|\n|t:|1782827526\n|switch|p2a: Umbreon|Umbreon, L84, F|86/297\n|-prepare|p1a: Slowking|Chilly Reception|[premajor]\n|move|p1a: Slowking|Chilly Reception|p1a: Slowking\n|-weather|Snowscape\n|\n|t:|1782827535\n|switch|p1a: Mabosstiff|Mabosstiff, L86, F|278/278|[from] Chilly Reception\n|\n|-weather|Snowscape|[upkeep]\n|-heal|p2a: Umbreon|104/297|[from] item: Leftovers\n|upkeep\n|turn|10\n|\n|t:|1782827546\n|move|p2a: Umbreon|Protect|p2a: Umbreon\n|-singleturn|p2a: Umbreon|Protect\n|move|p1a: Mabosstiff|Play Rough|p2a: Umbreon\n|-activate|p2a: Umbreon|move: Protect\n|\n|-weather|Snowscape|[upkeep]\n|-heal|p2a: Umbreon|122/297|[from] item: Leftovers\n|upkeep\n|turn|11\n|\n|t:|1782827552\n|-terastallize|p2a: Umbreon|Poison\n|move|p1a: Mabosstiff|Play Rough|p2a: Umbreon\n|-resisted|p2a: Umbreon\n|-damage|p2a: Umbreon|73/297\n|move|p2a: Umbreon|Wish|p2a: Umbreon\n|\n|-weather|Snowscape|[upkeep]\n|-heal|p2a: Umbreon|91/297|[from] item: Leftovers\n|upkeep\n|turn|12\n|\n|t:|1782827565\n|switch|p1a: Dragalge|Dragalge, L88, M|57/258\n|move|p2a: Umbreon|Toxic|p1a: Dragalge\n|-immune|p1a: Dragalge\n|\n|-weather|Snowscape|[upkeep]\n|-heal|p2a: Umbreon|239/297|[from] move: Wish|[wisher] Umbreon\n|-heal|p2a: Umbreon|257/297|[from] item: Leftovers\n|upkeep\n|turn|13\n|\n|t:|1782827580\n|move|p2a: Umbreon|Foul Play|p1a: Dragalge\n|-damage|p1a: Dragalge|0 fnt\n|faint|p1a: Dragalge\n|\n|-weather|none\n|-heal|p2a: Umbreon|275/297|[from] item: Leftovers\n|upkeep\n|\n|t:|1782827588\n|switch|p1a: Slowking|Slowking, L88, M|275/310\n|turn|14\n|\n|t:|1782827603\n|switch|p2a: Lokix|Lokix, L82, M|251/251\n|move|p1a: Slowking|Scald|p2a: Lokix\n|-damage|p2a: Lokix|118/251\n|\n|upkeep\n|turn|15\n|\n|t:|1782827620\n|switch|p1a: Milotic|Milotic, L83, M|215/293\n|move|p2a: Lokix|First Impression|p1a: Milotic\n|-damage|p1a: Milotic|86/293\n|\n|-heal|p1a: Milotic|104/293|[from] item: Leftovers\n|upkeep\n|turn|16\n|\n|t:|1782827629\n|move|p2a: Lokix|U-turn|p1a: Milotic\n|-damage|p1a: Milotic|14/293\n|\n|t:|1782827634\n|switch|p2a: Umbreon|Umbreon, L84, F, tera:Poison|275/297|[from] U-turn\n|move|p1a: Milotic|Scald|p2a: Umbreon\n|-damage|p2a: Umbreon|215/297\n|\n|-heal|p1a: Milotic|32/293|[from] item: Leftovers\n|-heal|p2a: Umbreon|233/297|[from] item: Leftovers\n|upkeep\n|turn|17\n|\n|t:|1782827639\n|move|p1a: Milotic|Scald|p2a: Umbreon\n|-damage|p2a: Umbreon|173/297\n|-status|p2a: Umbreon|brn\n|-activate|p2a: Umbreon|ability: Synchronize\n|-status|p1a: Milotic|brn\n|move|p2a: Umbreon|Toxic||[still]\n|-fail|p2a: Umbreon\n|\n|-heal|p1a: Milotic|50/293 brn|[from] item: Leftovers\n|-heal|p2a: Umbreon|191/297 brn|[from] item: Leftovers\n|-damage|p1a: Milotic|32/293 brn|[from] brn\n|-damage|p2a: Umbreon|173/297 brn|[from] brn\n|upkeep\n|turn|18\n|\n|t:|1782827646\n|move|p1a: Milotic|Recover|p1a: Milotic\n|-heal|p1a: Milotic|179/293 brn\n|move|p2a: Umbreon|Wish|p2a: Umbreon\n|\n|-heal|p1a: Milotic|197/293 brn|[from] item: Leftovers\n|-heal|p2a: Umbreon|191/297 brn|[from] item: Leftovers\n|-damage|p1a: Milotic|179/293 brn|[from] brn\n|-damage|p2a: Umbreon|173/297 brn|[from] brn\n|upkeep\n|turn|19\n|\n|t:|1782827652\n|move|p1a: Milotic|Scald|p2a: Umbreon\n|-damage|p2a: Umbreon|113/297 brn\n|move|p2a: Umbreon|Foul Play|p1a: Milotic\n|-damage|p1a: Milotic|152/293 brn\n|\n|-heal|p2a: Umbreon|261/297 brn|[from] move: Wish|[wisher] Umbreon\n|-heal|p1a: Milotic|170/293 brn|[from] item: Leftovers\n|-heal|p2a: Umbreon|279/297 brn|[from] item: Leftovers\n|-damage|p1a: Milotic|152/293 brn|[from] brn\n|-damage|p2a: Umbreon|261/297 brn|[from] brn\n|upkeep\n|turn|20\n|\n|t:|1782827664\n|move|p1a: Milotic|Recover|p1a: Milotic\n|-heal|p1a: Milotic|293/293 brn\n|move|p2a: Umbreon|Foul Play|p1a: Milotic\n|-damage|p1a: Milotic|264/293 brn\n|\n|-heal|p1a: Milotic|282/293 brn|[from] item: Leftovers\n|-heal|p2a: Umbreon|279/297 brn|[from] item: Leftovers\n|-damage|p1a: Milotic|264/293 brn|[from] brn\n|-damage|p2a: Umbreon|261/297 brn|[from] brn\n|upkeep\n|turn|21\n|\n|t:|1782827671\n|move|p1a: Milotic|Scald|p2a: Umbreon\n|-crit|p2a: Umbreon\n|-damage|p2a: Umbreon|170/297 brn\n|move|p2a: Umbreon|Foul Play|p1a: Milotic\n|-damage|p1a: Milotic|237/293 brn\n|\n|-heal|p1a: Milotic|255/293 brn|[from] item: Leftovers\n|-heal|p2a: Umbreon|188/297 brn|[from] item: Leftovers\n|-damage|p1a: Milotic|237/293 brn|[from] brn\n|-damage|p2a: Umbreon|170/297 brn|[from] brn\n|upkeep\n|turn|22\n|\n|t:|1782827674\n|move|p1a: Milotic|Scald|p2a: Umbreon\n|-damage|p2a: Umbreon|109/297 brn\n|move|p2a: Umbreon|Wish|p2a: Umbreon\n|\n|-heal|p1a: Milotic|255/293 brn|[from] item: Leftovers\n|-heal|p2a: Umbreon|127/297 brn|[from] item: Leftovers\n|-damage|p1a: Milotic|237/293 brn|[from] brn\n|-damage|p2a: Umbreon|109/297 brn|[from] brn\n|upkeep\n|turn|23\n|\n|t:|1782827677\n|move|p2a: Umbreon|Protect|p2a: Umbreon\n|-singleturn|p2a: Umbreon|Protect\n|move|p1a: Milotic|Scald|p2a: Umbreon\n|-activate|p2a: Umbreon|move: Protect\n|\n|-heal|p2a: Umbreon|257/297 brn|[from] move: Wish|[wisher] Umbreon\n|-heal|p1a: Milotic|255/293 brn|[from] item: Leftovers\n|-heal|p2a: Umbreon|275/297 brn|[from] item: Leftovers\n|-damage|p1a: Milotic|237/293 brn|[from] brn\n|-damage|p2a: Umbreon|257/297 brn|[from] brn\n|upkeep\n|turn|24\n|\n|t:|1782827683\n|switch|p2a: Girafarig|Girafarig, L89, F|269/269\n|move|p1a: Milotic|Scald|p2a: Girafarig\n|-damage|p2a: Girafarig|197/269\n|\n|-heal|p1a: Milotic|255/293 brn|[from] item: Leftovers\n|-damage|p1a: Milotic|237/293 brn|[from] brn\n|upkeep\n|turn|25\n|\n|t:|1782827696\n|move|p2a: Girafarig|Nasty Plot|p2a: Girafarig\n|-boost|p2a: Girafarig|spa|2\n|move|p1a: Milotic|Scald|p2a: Girafarig\n|-damage|p2a: Girafarig|127/269\n|\n|-heal|p1a: Milotic|255/293 brn|[from] item: Leftovers\n|-damage|p1a: Milotic|237/293 brn|[from] brn\n|upkeep\n|turn|26\n|\n|t:|1782827699\n|move|p2a: Girafarig|Thunderbolt|p1a: Milotic\n|-supereffective|p1a: Milotic\n|-damage|p1a: Milotic|29/293 brn\n|move|p1a: Milotic|Scald|p2a: Girafarig\n|-damage|p2a: Girafarig|60/269\n|\n|-heal|p1a: Milotic|47/293 brn|[from] item: Leftovers\n|-damage|p1a: Milotic|29/293 brn|[from] brn\n|upkeep\n|turn|27\n|\n|t:|1782827708\n|move|p2a: Girafarig|Hyper Voice|p1a: Milotic\n|-damage|p1a: Milotic|0 fnt\n|faint|p1a: Milotic\n|\n|upkeep\n|\n|t:|1782827710\n|switch|p1a: Latias|Latias, L79, F|256/256\n|turn|28\n|\n|t:|1782827713\n|move|p1a: Latias|Draco Meteor|p2a: Girafarig\n|-damage|p2a: Girafarig|0 fnt\n|-unboost|p1a: Latias|spa|2\n|faint|p2a: Girafarig\n|\n|upkeep\n|\n|t:|1782827720\n|switch|p2a: Umbreon|Umbreon, L84, F, tera:Poison|257/297 brn\n|turn|29\n|\n|t:|1782827731\n|-terastallize|p1a: Latias|Steel\n|move|p1a: Latias|Calm Mind|p1a: Latias\n|-boost|p1a: Latias|spa|1\n|-boost|p1a: Latias|spd|1\n|move|p2a: Umbreon|Toxic|p1a: Latias\n|-immune|p1a: Latias\n|\n|-heal|p2a: Umbreon|275/297 brn|[from] item: Leftovers\n|-damage|p2a: Umbreon|257/297 brn|[from] brn\n|upkeep\n|turn|30\n|\n|t:|1782827739\n|switch|p2a: Skarmory|Skarmory, L80, M|235/235\n|move|p1a: Latias|Calm Mind|p1a: Latias\n|-boost|p1a: Latias|spa|1\n|-boost|p1a: Latias|spd|1\n|\n|upkeep\n|turn|31\n|\n|t:|1782827747\n|move|p1a: Latias|Draco Meteor|p2a: Skarmory\n|-resisted|p2a: Skarmory\n|-damage|p2a: Skarmory|131/235\n|-unboost|p1a: Latias|spa|2\n|move|p2a: Skarmory|Body Press|p1a: Latias\n|-supereffective|p1a: Latias\n|-damage|p1a: Latias|116/256\n|\n|-heal|p2a: Skarmory|145/235|[from] item: Leftovers\n|upkeep\n|turn|32\n|\n|t:|1782827755\n|switch|p1a: Slowking|Slowking, L88, M|310/310\n|move|p2a: Skarmory|Iron Defense|p2a: Skarmory\n|-boost|p2a: Skarmory|def|2\n|\n|-heal|p2a: Skarmory|159/235|[from] item: Leftovers\n|upkeep\n|turn|33\n|\n|t:|1782827760\n|move|p2a: Skarmory|Iron Defense|p2a: Skarmory\n|-boost|p2a: Skarmory|def|2\n|move|p1a: Slowking|Scald|p2a: Skarmory\n|-damage|p2a: Skarmory|47/235\n|\n|-heal|p2a: Skarmory|61/235|[from] item: Leftovers\n|upkeep\n|turn|34\n|\n|t:|1782827768\n|move|p2a: Skarmory|Roost|p2a: Skarmory\n|-heal|p2a: Skarmory|179/235\n|-singleturn|p2a: Skarmory|move: Roost\n|move|p1a: Slowking|Scald|p2a: Skarmory\n|-damage|p2a: Skarmory|52/235\n|\n|-heal|p2a: Skarmory|66/235|[from] item: Leftovers\n|upkeep\n|turn|35\n|\n|t:|1782827773\n|move|p2a: Skarmory|Body Press|p1a: Slowking\n|-resisted|p1a: Slowking\n|-damage|p1a: Slowking|211/310\n|move|p1a: Slowking|Scald|p2a: Skarmory\n|-damage|p2a: Skarmory|0 fnt\n|faint|p2a: Skarmory\n|\n|upkeep\n|\n|t:|1782827778\n|switch|p2a: Lokix|Lokix, L82, M|118/251\n|turn|36\n|\n|t:|1782827783\n|move|p2a: Lokix|First Impression|p1a: Slowking\n|-supereffective|p1a: Slowking\n|-damage|p1a: Slowking|0 fnt\n|faint|p1a: Slowking\n|\n|upkeep\n|\n|t:|1782827792\n|switch|p1a: Latias|Latias, L79, F, tera:Steel|116/256\n|turn|37\n|\n|t:|1782827799\n|move|p1a: Latias|Draco Meteor|p2a: Lokix\n|-damage|p2a: Lokix|0 fnt\n|-unboost|p1a: Latias|spa|2\n|faint|p2a: Lokix\n|\n|upkeep\n|\n|t:|1782827806\n|switch|p2a: Lycanroc|Lycanroc-Dusk, L81, M|254/254\n|turn|38\n|\n|t:|1782827812\n|switch|p1a: Mabosstiff|Mabosstiff, L86, F|278/278\n|move|p2a: Lycanroc|Close Combat|p1a: Mabosstiff\n|-supereffective|p1a: Mabosstiff\n|-damage|p1a: Mabosstiff|0 fnt\n|-unboost|p2a: Lycanroc|def|1\n|-unboost|p2a: Lycanroc|spd|1\n|faint|p1a: Mabosstiff\n|\n|upkeep\n|\n|t:|1782827813\n|switch|p1a: Banette|Banette, L93, M|270/270\n|turn|39\n|\n|t:|1782827825\n|switch|p2a: Umbreon|Umbreon, L84, F, tera:Poison|257/297 brn\n|move|p1a: Banette|Poltergeist|p2a: Umbreon\n|-activate|p2a: Umbreon|move: Poltergeist|Leftovers\n|-damage|p2a: Umbreon|66/297 brn\n|-damage|p1a: Banette|243/270|[from] item: Life Orb\n|\n|-heal|p2a: Umbreon|84/297 brn|[from] item: Leftovers\n|-damage|p2a: Umbreon|66/297 brn|[from] brn\n|upkeep\n|turn|40\n|\n|t:|1782827834\n|switch|p1a: Latias|Latias, L79, F, tera:Steel|116/256\n|move|p2a: Umbreon|Protect||[still]\n|-fail|p2a: Umbreon\n|\n|-heal|p2a: Umbreon|84/297 brn|[from] item: Leftovers\n|-damage|p2a: Umbreon|66/297 brn|[from] brn\n|upkeep\n|turn|41\n|\n|t:|1782827837\n|move|p1a: Latias|Recover|p1a: Latias\n|-heal|p1a: Latias|244/256\n|move|p2a: Umbreon|Wish|p2a: Umbreon\n|\n|-heal|p2a: Umbreon|84/297 brn|[from] item: Leftovers\n|-damage|p2a: Umbreon|66/297 brn|[from] brn\n|upkeep\n|turn|42\n|\n|t:|1782827842\n|move|p1a: Latias|Calm Mind|p1a: Latias\n|-boost|p1a: Latias|spa|1\n|-boost|p1a: Latias|spd|1\n|move|p2a: Umbreon|Foul Play|p1a: Latias\n|-damage|p1a: Latias|209/256\n|\n|-heal|p2a: Umbreon|214/297 brn|[from] move: Wish|[wisher] Umbreon\n|-heal|p2a: Umbreon|232/297 brn|[from] item: Leftovers\n|-damage|p2a: Umbreon|214/297 brn|[from] brn\n|upkeep\n|turn|43\n|\n|t:|1782827847\n|move|p1a: Latias|Calm Mind|p1a: Latias\n|-boost|p1a: Latias|spa|1\n|-boost|p1a: Latias|spd|1\n|move|p2a: Umbreon|Wish|p2a: Umbreon\n|\n|-heal|p2a: Umbreon|232/297 brn|[from] item: Leftovers\n|-damage|p2a: Umbreon|214/297 brn|[from] brn\n|upkeep\n|turn|44\n|\n|t:|1782827852\n|move|p1a: Latias|Psyshock|p2a: Umbreon\n|-supereffective|p2a: Umbreon\n|-damage|p2a: Umbreon|0 fnt\n|faint|p2a: Umbreon\n|\n|upkeep\n|\n|t:|1782827856\n|switch|p2a: Lycanroc|Lycanroc-Dusk, L81, M|254/254\n|turn|45\n|\n|t:|1782827861\n|switch|p1a: Banette|Banette, L93, M|243/270\n|move|p2a: Lycanroc|Close Combat|p1a: Banette\n|-immune|p1a: Banette\n|\n|upkeep\n|turn|46\n|\n|t:|1782827865\n|switch|p2a: Swalot|Swalot, L90, F|312/326\n|switch|p1a: Latias|Latias, L79, F, tera:Steel|209/256\n|\n|-heal|p2a: Swalot|326/326|[from] item: Leftovers\n|upkeep\n|turn|47\n|\n|t:|1782827879\n|switch|p2a: Lycanroc|Lycanroc-Dusk, L81, M|254/254\n|move|p1a: Latias|Psyshock|p2a: Lycanroc\n|-damage|p2a: Lycanroc|119/254\n|\n|upkeep\n|turn|48\n|\n|t:|1782827885\n|move|p2a: Lycanroc|Throat Chop|p1a: Latias\n|-damage|p1a: Latias|95/256\n|-start|p1a: Latias|Throat Chop|[silent]\n|move|p1a: Latias|Psyshock|p2a: Lycanroc\n|-damage|p2a: Lycanroc|0 fnt\n|faint|p2a: Lycanroc\n|\n|upkeep\n|\n|t:|1782827888\n|switch|p2a: Swalot|Swalot, L90, F|326/326\n|turn|49\n|\n|t:|1782827892\n|move|p1a: Latias|Recover|p1a: Latias\n|-heal|p1a: Latias|223/256\n|move|p2a: Swalot|Knock Off|p1a: Latias\n|-damage|p1a: Latias|150/256\n|-enditem|p1a: Latias|Soul Dew|[from] move: Knock Off|[of] p2a: Swalot\n|\n|-end|p1a: Latias|Throat Chop|[silent]\n|upkeep\n|turn|50\n|\n|t:|1782827900\n|move|p1a: Latias|Recover|p1a: Latias\n|-heal|p1a: Latias|256/256\n|move|p2a: Swalot|Swords Dance|p2a: Swalot\n|-boost|p2a: Swalot|atk|2\n|\n|upkeep\n|turn|51\n|\n|t:|1782827904\n|move|p1a: Latias|Psyshock|p2a: Swalot\n|-supereffective|p2a: Swalot\n|-damage|p2a: Swalot|164/326\n|move|p2a: Swalot|Knock Off|p1a: Latias\n|-damage|p1a: Latias|166/256\n|\n|-heal|p2a: Swalot|184/326|[from] item: Leftovers\n|upkeep\n|turn|52\n|\n|t:|1782827909\n|move|p1a: Latias|Psyshock|p2a: Swalot\n|-supereffective|p2a: Swalot\n|-damage|p2a: Swalot|16/326\n|move|p2a: Swalot|Knock Off|p1a: Latias\n|-damage|p1a: Latias|77/256\n|\n|-heal|p2a: Swalot|36/326|[from] item: Leftovers\n|upkeep\n|turn|53\n|c|\u2606Upright bratwurst|gg ez\n|\n|t:|1782827918\n|move|p1a: Latias|Psyshock|p2a: Swalot\n|-supereffective|p2a: Swalot\n|-crit|p2a: Swalot\n|-damage|p2a: Swalot|0 fnt\n|faint|p2a: Swalot\n|\n|win|Upright bratwurst\n|raw|Upright bratwurst's rating: 1740 &rarr; <strong>1758</strong><br />(+18 for winning)\n|raw|GGQuaker's rating: 1698 &rarr; <strong>1680</strong><br />(-18 for losing)\n|c|\u2606GGQuaker|Lol\n|c|\u2606GGQuaker|easy steel tera on a latias\n|c|\u2606GGQuaker|got it\n|c|\u2606GGQuaker|Weird flex buddy\n|l|\u2606GGQuaker\n|player|p2|\n", "inputlog": ">version f8ac14003a5f27e1bdc8d8c59608a773c1cb96e5\n>start {\"formatid\":\"gen9randombattle\",\"seed\":\"sodium,1cdc3d6c584c4b8912d942bd2dc31ce4\",\"rated\":\"Rated battle\"}\n>player p1 {\"name\":\"Upright bratwurst\",\"avatar\":\"2\",\"rating\":1740,\"seed\":\"sodium,67528fe3f9d41791951caa9bfb36f603\"}\n>player p2 {\"name\":\"GGQuaker\",\"avatar\":\"acetrainer-gen4dp\",\"rating\":1698,\"seed\":\"sodium,33a8ccfce9dbf506d1205ae47faef752\"}\n>p1 move scald\n>p2 move uturn\n>p2 switch 3\n>p1 switch 3\n>p2 move toxic\n>p1 move dragontail\n>p2 move protect\n>p1 move focusblast\n>p2 move foulplay\n>p1 move dragontail\n>p2 move protect\n>p1 move dragontail\n>p2 move wish\n>p1 move dracometeor\n>p2 move earthquake\n>p1 switch 5\n>p2 move knockoff\n>p1 move chillyreception\n>p2 switch 6\n>p1 switch 6\n>p1 move playrough\n>p2 move protect\n>p1 move playrough\n>p2 move wish terastallize\n>p1 switch 5\n>p2 move toxic\n>p1 move dracometeor\n>p2 move foulplay\n>p1 switch 6\n>p1 move scald\n>p2 switch 3\n>p1 switch 3\n>p2 move firstimpression\n>p1 move scald\n>p2 move uturn\n>p2 switch 3\n>p1 move scald\n>p2 move toxic\n>p1 move recover\n>p2 move wish\n>p1 move scald\n>p2 move foulplay\n>p1 move recover\n>p2 move foulplay\n>p1 move scald\n>p2 move foulplay\n>p1 move scald\n>p2 move wish\n>p1 move scald\n>p2 move protect\n>p1 move scald\n>p2 switch 2\n>p1 move scald\n>p2 move nastyplot\n>p1 move scald\n>p2 move thunderbolt\n>p1 move scald\n>p2 move hypervoice\n>p1 switch 2\n>p1 move dracometeor\n>p2 move hypervoice\n>p2 switch 2\n>p1 move calmmind terastallize\n>p2 move toxic\n>p1 move calmmind\n>p2 switch 5\n>p1 move dracometeor\n>p2 move bodypress\n>p1 switch 3\n>p2 move irondefense\n>p1 move scald\n>p2 move irondefense\n>p1 move scald\n>p2 move roost\n>p1 move scald\n>p2 move bodypress\n>p2 switch 3\n>p1 move scald\n>p2 move firstimpression\n>p1 switch 3\n>p1 move dracometeor\n>p2 move knockoff\n>p2 switch 4\n>p1 switch 5\n>p2 move closecombat\n>p1 switch 4\n>p1 move poltergeist\n>p2 switch 5\n>p1 switch 5\n>p2 move protect\n>p1 move recover\n>p2 move wish\n>p1 move calmmind\n>p2 move foulplay\n>p1 move calmmind\n>p2 move wish\n>p1 move psyshock\n>p2 move foulplay\n>p2 switch 5\n>p1 switch 5\n>p2 move closecombat\n>p1 switch 5\n>p2 switch 6\n>p1 move psyshock\n>p2 switch 6\n>p1 move psyshock\n>p2 move throatchop\n>p2 switch 6\n>p1 move recover\n>p2 move knockoff\n>p1 move recover\n>p2 move swordsdance\n>p1 move psyshock\n>p2 move knockoff\n>p1 move psyshock\n>p2 move knockoff\n>chat \u2606Upright bratwurst|gg ez\n>p1 move psyshock\n>p2 move knockoff", "uploadtime": 1782828085, "views": 4, "formatid": "gen9randombattle", "rating": 1680, "private": 0, "password": null, "player_dets": [{"name": "Upright bratwurst", "avatar": "2", "rating": 1740, "seed": "sodium,67528fe3f9d41791951caa9bfb36f603"}, {"name": "GGQuaker", "avatar": "acetrainer-gen4dp", "rating": 1698, "seed": "sodium,33a8ccfce9dbf506d1205ae47faef752"}], "teams_full": [{"Milotic": {"name": "Milotic", "species": "Milotic", "speciesId": "milotic", "gender": "M", "shiny": false, "level": 83, "moves": ["recover", "scald", "haze", "icebeam"], "ability": "Competitive", "evs": {"hp": 85, "atk": 0, "def": 85, "spa": 85, "spd": 85, "spe": 85}, "ivs": {"hp": 31, "atk": 0, "def": 31, "spa": 31, "spd": 31, "spe": 31}, "item": "Leftovers", "teraType": "Steel", "role": "Bulky Attacker", "bvs": {"hp": 95, "atk": 60, "def": 79, "spa": 100, "spd": 125, "spe": 81}, "stats": {"hp": 293, "atk": 104, "def": 179, "spa": 214, "spd": 255, "spe": 182}, "types": ["Water"]}, "Latias": {"name": "Latias", "species": "Latias", "speciesId": "latias", "gender": "F", "shiny": false, "level": 79, "moves": ["psyshock", "calmmind", "dracometeor", "recover"], "ability": "Levitate", "evs": {"hp": 85, "atk": 0, "def": 85, "spa": 85, "spd": 85, "spe": 85}, "ivs": {"hp": 31, "atk": 0, "def": 31, "spa": 31, "spd": 31, "spe": 31}, "item": "Soul Dew", "teraType": "Steel", "role": "Fast Bulky Setup", "bvs": {"hp": 80, "atk": 80, "def": 90, "spa": 110, "spd": 130, "spe": 110}, "stats": {"hp": 256, "atk": 131, "def": 188, "spa": 219, "spd": 251, "spe": 219}, "types": ["Dragon", "Psychic"]}, "Dragalge": {"name": "Dragalge", "species": "Dragalge", "speciesId": "dragalge", "gender": "M", "shiny": false, "level": 88, "moves": ["dracometeor", "dragontail", "sludgewave", "focusblast"], "ability": "Adaptability", "evs": {"hp": 85, "atk": 85, "def": 85, "spa": 85, "spd": 85, "spe": 85}, "ivs": {"hp": 31, "atk": 31, "def": 31, "spa": 31, "spd": 31, "spe": 31}, "item": "Assault Vest", "teraType": "Fighting", "role": "Bulky Attacker", "bvs": {"hp": 65, "atk": 75, "def": 90, "spa": 97, "spd": 123, "spe": 44}, "stats": {"hp": 258, "atk": 182, "def": 209, "spa": 221, "spd": 267, "spe": 128}, "types": ["Poison", "Dragon"]}, "Banette": {"name": "Banette", "species": "Banette", "speciesId": "banette", "gender": "M", "shiny": false, "level": 93, "moves": ["shadowsneak", "poltergeist", "gunkshot", "thunderwave"], "ability": "Insomnia", "evs": {"hp": 85, "atk": 85, "def": 85, "spa": 85, "spd": 85, "spe": 85}, "ivs": {"hp": 31, "atk": 31, "def": 31, "spa": 31, "spd": 31, "spe": 31}, "item": "Life Orb", "teraType": "Ghost", "role": "Wallbreaker", "bvs": {"hp": 64, "atk": 115, "def": 65, "spa": 83, "spd": 63, "spe": 65}, "stats": {"hp": 270, "atk": 267, "def": 174, "spa": 207, "spd": 170, "spe": 174}, "types": ["Ghost"]}, "Slowking": {"name": "Slowking", "species": "Slowking", "speciesId": "slowking", "gender": "M", "shiny": false, "level": 88, "moves": ["psyshock", "scald", "slackoff", "chillyreception"], "ability": "Regenerator", "evs": {"hp": 85, "atk": 0, "def": 85, "spa": 85, "spd": 85, "spe": 85}, "ivs": {"hp": 31, "atk": 0, "def": 31, "spa": 31, "spd": 31, "spe": 31}, "item": "Heavy-Duty Boots", "teraType": "Fairy", "role": "Bulky Attacker", "bvs": {"hp": 95, "atk": 75, "def": 80, "spa": 100, "spd": 110, "spe": 30}, "stats": {"hp": 310, "atk": 137, "def": 191, "spa": 226, "spd": 244, "spe": 103}, "types": ["Water", "Psychic"]}, "Mabosstiff": {"name": "Mabosstiff", "species": "Mabosstiff", "speciesId": "mabosstiff", "gender": "F", "shiny": false, "level": 86, "moves": ["playrough", "psychicfangs", "crunch", "wildcharge"], "ability": "Stakeout", "evs": {"hp": 85, "atk": 85, "def": 85, "spa": 85, "spd": 85, "spe": 85}, "ivs": {"hp": 31, "atk": 31, "def": 31, "spa": 31, "spd": 31, "spe": 31}, "item": "Choice Band", "teraType": "Fairy", "role": "Bulky Attacker", "bvs": {"hp": 80, "atk": 120, "def": 90, "spa": 60, "spd": 70, "spe": 85}, "stats": {"hp": 278, "atk": 256, "def": 204, "spa": 152, "spd": 170, "spe": 195}, "types": ["Dark"]}}, {"Lokix": {"name": "Lokix", "species": "Lokix", "speciesId": "lokix", "gender": "M", "shiny": false, "level": 82, "moves": ["uturn", "suckerpunch", "firstimpression", "knockoff"], "ability": "Tinted Lens", "evs": {"hp": 85, "atk": 85, "def": 85, "spa": 85, "spd": 85, "spe": 85}, "ivs": {"hp": 31, "atk": 31, "def": 31, "spa": 31, "spd": 31, "spe": 31}, "item": "Silver Powder", "teraType": "Bug", "role": "Fast Attacker", "bvs": {"hp": 71, "atk": 102, "def": 78, "spa": 52, "spd": 55, "spe": 92}, "stats": {"hp": 251, "atk": 214, "def": 175, "spa": 132, "spd": 137, "spe": 198}, "types": ["Bug", "Dark"]}, "Girafarig": {"name": "Girafarig", "species": "Girafarig", "speciesId": "girafarig", "gender": "F", "shiny": false, "level": 89, "moves": ["thunderbolt", "hypervoice", "nastyplot", "psyshock"], "ability": "Sap Sipper", "evs": {"hp": 85, "atk": 0, "def": 85, "spa": 85, "spd": 85, "spe": 85}, "ivs": {"hp": 31, "atk": 0, "def": 31, "spa": 31, "spd": 31, "spe": 31}, "item": "Eviolite", "teraType": "Normal", "role": "Fast Bulky Setup", "bvs": {"hp": 70, "atk": 80, "def": 65, "spa": 90, "spd": 65, "spe": 85}, "stats": {"hp": 269, "atk": 147, "def": 166, "spa": 211, "spd": 166, "spe": 202}, "types": ["Normal", "Psychic"]}, "Umbreon": {"name": "Umbreon", "species": "Umbreon", "speciesId": "umbreon", "gender": "F", "shiny": false, "level": 84, "moves": ["protect", "toxic", "foulplay", "wish"], "ability": "Synchronize", "evs": {"hp": 85, "atk": 0, "def": 85, "spa": 85, "spd": 85, "spe": 85}, "ivs": {"hp": 31, "atk": 0, "def": 31, "spa": 31, "spd": 31, "spe": 31}, "item": "Leftovers", "teraType": "Poison", "role": "Bulky Support", "bvs": {"hp": 95, "atk": 65, "def": 110, "spa": 60, "spd": 130, "spe": 65}, "stats": {"hp": 297, "atk": 114, "def": 233, "spa": 149, "spd": 267, "spe": 157}, "types": ["Dark"]}, "Lycanroc": {"name": "Lycanroc", "species": "Lycanroc-Dusk", "speciesId": "lycanrocdusk", "gender": "M", "shiny": false, "level": 81, "moves": ["closecombat", "stoneedge", "accelerock", "throatchop"], "ability": "Tough Claws", "evs": {"hp": 85, "atk": 85, "def": 85, "spa": 85, "spd": 85, "spe": 85}, "ivs": {"hp": 31, "atk": 31, "def": 31, "spa": 31, "spd": 31, "spe": 31}, "item": "Choice Band", "teraType": "Fighting", "role": "Wallbreaker", "bvs": {"hp": 75, "atk": 117, "def": 65, "spa": 55, "spd": 65, "spe": 110}, "stats": {"hp": 254, "atk": 236, "def": 152, "spa": 136, "spd": 152, "spe": 225}, "types": ["Rock"]}, "Skarmory": {"name": "Skarmory", "species": "Skarmory", "speciesId": "skarmory", "gender": "M", "shiny": false, "level": 80, "moves": ["bodypress", "irondefense", "roost", "bravebird"], "ability": "Sturdy", "evs": {"hp": 85, "atk": 85, "def": 85, "spa": 85, "spd": 85, "spe": 85}, "ivs": {"hp": 31, "atk": 31, "def": 31, "spa": 31, "spd": 31, "spe": 31}, "item": "Leftovers", "teraType": "Fighting", "role": "Bulky Setup", "bvs": {"hp": 65, "atk": 80, "def": 140, "spa": 40, "spd": 70, "spe": 70}, "stats": {"hp": 235, "atk": 174, "def": 270, "spa": 110, "spd": 158, "spe": 158}, "types": ["Steel", "Flying"]}, "Swalot": {"name": "Swalot", "species": "Swalot", "speciesId": "swalot", "gender": "F", "shiny": false, "level": 90, "moves": ["knockoff", "earthquake", "swordsdance", "gunkshot"], "ability": "Liquid Ooze", "evs": {"hp": 85, "atk": 85, "def": 85, "spa": 85, "spd": 85, "spe": 85}, "ivs": {"hp": 31, "atk": 31, "def": 31, "spa": 31, "spd": 31, "spe": 31}, "item": "Leftovers", "teraType": "Dark", "role": "Bulky Setup", "bvs": {"hp": 100, "atk": 73, "def": 83, "spa": 73, "spd": 83, "spe": 55}, "stats": {"hp": 326, "atk": 183, "def": 201, "spa": 183, "spd": 201, "spe": 150}, "types": ["Poison"]}}]}