{"id": "gen9randombattle-2641725937", "format": "[Gen 9] Random Battle", "players": ["sugasleepy", "Mikifp"], "log": "|j|\u203dsugasleepy\n|j|\u2606Mikifp\n|t:|1782834569\n|gametype|singles\n|player|p1|sugasleepy|102|1973\n|player|p2|Mikifp|riley|1919\n|gen|9\n|tier|[Gen 9] Random Battle\n|rated|\n|rule|Species Clause: Limit one of each Pok\u00e9mon\n|rule|HP Percentage Mod: HP is shown in percentages\n|rule|Sleep Clause Mod: Limit one foe put to sleep\n|rule|Illusion Level Mod: Illusion disguises the Pok\u00e9mon's true level\n|\n|t:|1782834569\n|teamsize|p1|6\n|teamsize|p2|6\n|start\n|switch|p1a: Glalie|Glalie, L96, F|309/309\n|switch|p2a: Poliwrath|Poliwrath, L88, F|302/302\n|turn|1\n|\n|t:|1782834586\n|move|p1a: Glalie|Freeze-Dry|p2a: Poliwrath\n|-supereffective|p2a: Poliwrath\n|-damage|p2a: Poliwrath|156/302\n|move|p2a: Poliwrath|Close Combat|p1a: Glalie\n|-supereffective|p1a: Glalie\n|-damage|p1a: Glalie|0 fnt\n|-unboost|p2a: Poliwrath|def|1\n|-unboost|p2a: Poliwrath|spd|1\n|faint|p1a: Glalie\n|-damage|p2a: Poliwrath|126/302|[from] item: Life Orb\n|\n|upkeep\n|inactive|Battle timer is ON: inactive players will automatically lose when time's up. (requested by Mikifp)\n|\n|t:|1782834598\n|switch|p1a: Mew|Mew, L82|298/298\n|turn|2\n|\n|t:|1782834606\n|switch|p2a: Tinkaton|Tinkaton, L82, F|274/274\n|-ability|p2a: Tinkaton|Mold Breaker\n|move|p1a: Mew|Psychic Noise|p2a: Tinkaton\n|-resisted|p2a: Tinkaton\n|-damage|p2a: Tinkaton|238/274\n|-start|p2a: Tinkaton|move: Heal Block\n|\n|upkeep\n|turn|3\n|\n|t:|1782834610\n|move|p1a: Mew|Will-O-Wisp|p2a: Tinkaton\n|-status|p2a: Tinkaton|brn\n|move|p2a: Tinkaton|Encore|p1a: Mew\n|-start|p1a: Mew|Encore\n|\n|-damage|p2a: Tinkaton|221/274 brn|[from] brn\n|-end|p2a: Tinkaton|move: Heal Block\n|upkeep\n|turn|4\n|\n|t:|1782834618\n|switch|p1a: Toxapex|Toxapex, L82, F|216/216\n|move|p2a: Tinkaton|Thunder Wave|p1a: Toxapex\n|-status|p1a: Toxapex|par\n|\n|-heal|p2a: Tinkaton|238/274 brn|[from] item: Leftovers\n|-damage|p2a: Tinkaton|221/274 brn|[from] brn\n|upkeep\n|turn|5\n|\n|t:|1782834628\n|switch|p2a: Hippowdon|Hippowdon, L82, M|311/311\n|-weather|Sandstorm|[from] ability: Sand Stream|[of] p2a: Hippowdon\n|cant|p1a: Toxapex|par\n|\n|-weather|Sandstorm|[upkeep]\n|-damage|p1a: Toxapex|203/216 par|[from] Sandstorm\n|-heal|p1a: Toxapex|216/216 par|[from] item: Leftovers\n|upkeep\n|turn|6\n|\n|t:|1782834636\n|move|p2a: Hippowdon|Earthquake|p1a: Toxapex\n|-supereffective|p1a: Toxapex\n|-damage|p1a: Toxapex|66/216 par\n|move|p1a: Toxapex|Toxic Spikes|p2a: Hippowdon\n|-sidestart|p2: Mikifp|move: Toxic Spikes\n|\n|-weather|Sandstorm|[upkeep]\n|-damage|p1a: Toxapex|53/216 par|[from] Sandstorm\n|-heal|p1a: Toxapex|66/216 par|[from] item: Leftovers\n|upkeep\n|turn|7\n|\n|t:|1782834641\n|switch|p1a: Milotic|Milotic, L83, F|293/293\n|move|p2a: Hippowdon|Earthquake|p1a: Milotic\n|-damage|p1a: Milotic|160/293\n|\n|-weather|Sandstorm|[upkeep]\n|-damage|p1a: Milotic|142/293|[from] Sandstorm\n|-heal|p1a: Milotic|160/293|[from] item: Leftovers\n|upkeep\n|turn|8\n|\n|t:|1782834650\n|switch|p2a: Cyclizar|Cyclizar, L83, M|252/252\n|move|p1a: Milotic|Recover|p1a: Milotic\n|-heal|p1a: Milotic|293/293\n|\n|-weather|Sandstorm|[upkeep]\n|-damage|p2a: Cyclizar|237/252|[from] Sandstorm\n|-damage|p1a: Milotic|275/293|[from] Sandstorm\n|-heal|p1a: Milotic|293/293|[from] item: Leftovers\n|upkeep\n|turn|9\n|\n|t:|1782834653\n|move|p2a: Cyclizar|Rapid Spin|p1a: Milotic\n|-damage|p1a: Milotic|235/293\n|-boost|p2a: Cyclizar|spe|1\n|-sideend|p2: Mikifp|Toxic Spikes|[from] move: Rapid Spin|[of] p2a: Cyclizar\n|move|p1a: Milotic|Ice Beam|p2a: Cyclizar\n|-supereffective|p2a: Cyclizar\n|-damage|p2a: Cyclizar|81/252\n|\n|-weather|none\n|-heal|p1a: Milotic|253/293|[from] item: Leftovers\n|upkeep\n|turn|10\n|\n|t:|1782834665\n|switch|p2a: Tinkaton|Tinkaton, L82, F|221/274 brn\n|-ability|p2a: Tinkaton|Mold Breaker\n|move|p1a: Milotic|Ice Beam|p2a: Tinkaton\n|-resisted|p2a: Tinkaton\n|-damage|p2a: Tinkaton|194/274 brn\n|\n|-heal|p2a: Tinkaton|211/274 brn|[from] item: Leftovers\n|-heal|p1a: Milotic|271/293|[from] item: Leftovers\n|-damage|p2a: Tinkaton|194/274 brn|[from] brn\n|upkeep\n|turn|11\n|\n|t:|1782834673\n|switch|p2a: Hippowdon|Hippowdon, L82, M|311/311\n|-weather|Sandstorm|[from] ability: Sand Stream|[of] p2a: Hippowdon\n|switch|p1a: Toxapex|Toxapex, L82, F|138/216 par\n|\n|-weather|Sandstorm|[upkeep]\n|-damage|p1a: Toxapex|125/216 par|[from] Sandstorm\n|-heal|p1a: Toxapex|138/216 par|[from] item: Leftovers\n|upkeep\n|turn|12\n|\n|t:|1782834685\n|switch|p1a: Milotic|Milotic, L83, F|271/293\n|move|p2a: Hippowdon|Earthquake|p1a: Milotic\n|-damage|p1a: Milotic|159/293\n|\n|-weather|Sandstorm|[upkeep]\n|-damage|p1a: Milotic|141/293|[from] Sandstorm\n|-heal|p1a: Milotic|159/293|[from] item: Leftovers\n|upkeep\n|turn|13\n|\n|t:|1782834708\n|switch|p2a: Regidrago|Regidrago, L77|435/435\n|move|p1a: Milotic|Recover|p1a: Milotic\n|-heal|p1a: Milotic|293/293\n|\n|-weather|Sandstorm|[upkeep]\n|-damage|p1a: Milotic|275/293|[from] Sandstorm\n|-damage|p2a: Regidrago|408/435|[from] Sandstorm\n|-heal|p1a: Milotic|293/293|[from] item: Leftovers\n|upkeep\n|turn|14\n|\n|t:|1782834717\n|move|p1a: Milotic|Ice Beam|p2a: Regidrago\n|-supereffective|p2a: Regidrago\n|-damage|p2a: Regidrago|208/435\n|move|p2a: Regidrago|Dragon Dance|p2a: Regidrago\n|-boost|p2a: Regidrago|atk|1\n|-boost|p2a: Regidrago|spe|1\n|\n|-weather|Sandstorm|[upkeep]\n|-damage|p2a: Regidrago|181/435|[from] Sandstorm\n|-damage|p1a: Milotic|275/293|[from] Sandstorm\n|-heal|p1a: Milotic|293/293|[from] item: Leftovers\n|upkeep\n|turn|15\n|\n|t:|1782834727\n|move|p2a: Regidrago|Dragon Claw|p1a: Milotic\n|-damage|p1a: Milotic|62/293\n|-damage|p2a: Regidrago|138/435|[from] item: Life Orb\n|move|p1a: Milotic|Ice Beam|p2a: Regidrago\n|-supereffective|p2a: Regidrago\n|-damage|p2a: Regidrago|0 fnt\n|faint|p2a: Regidrago\n|\n|-weather|none\n|-heal|p1a: Milotic|80/293|[from] item: Leftovers\n|upkeep\n|\n|t:|1782834736\n|switch|p2a: Cyclizar|Cyclizar, L83, M|165/252\n|turn|16\n|\n|t:|1782834746\n|switch|p1a: Toxapex|Toxapex, L82, F|210/216 par\n|move|p2a: Cyclizar|Draco Meteor|p1a: Toxapex\n|-damage|p1a: Toxapex|125/216 par\n|-unboost|p2a: Cyclizar|spa|2\n|\n|-heal|p1a: Toxapex|138/216 par|[from] item: Leftovers\n|upkeep\n|turn|17\n|\n|t:|1782834759\n|switch|p1a: Milotic|Milotic, L83, F|80/293\n|move|p2a: Cyclizar|Shed Tail|p2a: Cyclizar\n|-start|p2a: Cyclizar|Substitute|[from] move: Shed Tail\n|-damage|p2a: Cyclizar|39/252\n|\n|t:|1782834773\n|switch|p2a: Hippowdon|Hippowdon, L82, M|311/311|[from] Shed Tail\n|-weather|Sandstorm|[from] ability: Sand Stream|[of] p2a: Hippowdon\n|\n|-weather|Sandstorm|[upkeep]\n|-damage|p1a: Milotic|62/293|[from] Sandstorm\n|-heal|p1a: Milotic|80/293|[from] item: Leftovers\n|upkeep\n|turn|18\n|\n|t:|1782834778\n|move|p1a: Milotic|Recover|p1a: Milotic\n|-heal|p1a: Milotic|227/293\n|move|p2a: Hippowdon|Earthquake|p1a: Milotic\n|-damage|p1a: Milotic|109/293\n|\n|-weather|Sandstorm|[upkeep]\n|-damage|p1a: Milotic|91/293|[from] Sandstorm\n|-heal|p1a: Milotic|109/293|[from] item: Leftovers\n|upkeep\n|turn|19\n|\n|t:|1782834781\n|move|p1a: Milotic|Recover|p1a: Milotic\n|-heal|p1a: Milotic|256/293\n|move|p2a: Hippowdon|Earthquake|p1a: Milotic\n|-damage|p1a: Milotic|136/293\n|\n|-weather|Sandstorm|[upkeep]\n|-damage|p1a: Milotic|118/293|[from] Sandstorm\n|-heal|p1a: Milotic|136/293|[from] item: Leftovers\n|upkeep\n|turn|20\n|\n|t:|1782834784\n|move|p1a: Milotic|Recover|p1a: Milotic\n|-heal|p1a: Milotic|283/293\n|move|p2a: Hippowdon|Earthquake|p1a: Milotic\n|-damage|p1a: Milotic|160/293\n|\n|-weather|Sandstorm|[upkeep]\n|-damage|p1a: Milotic|142/293|[from] Sandstorm\n|-heal|p1a: Milotic|160/293|[from] item: Leftovers\n|upkeep\n|turn|21\n|\n|t:|1782834790\n|move|p1a: Milotic|Ice Beam|p2a: Hippowdon\n|-supereffective|p2a: Hippowdon\n|-end|p2a: Hippowdon|Substitute\n|move|p2a: Hippowdon|Earthquake|p1a: Milotic\n|-damage|p1a: Milotic|42/293\n|\n|-weather|none\n|-heal|p1a: Milotic|60/293|[from] item: Leftovers\n|upkeep\n|turn|22\n|\n|t:|1782834796\n|switch|p2a: Poliwrath|Poliwrath, L88, F|126/302\n|move|p1a: Milotic|Recover|p1a: Milotic\n|-heal|p1a: Milotic|207/293\n|\n|-heal|p1a: Milotic|225/293|[from] item: Leftovers\n|upkeep\n|turn|23\n|\n|t:|1782834800\n|switch|p1a: Toxapex|Toxapex, L82, F|210/216 par\n|move|p2a: Poliwrath|Knock Off|p1a: Toxapex\n|-damage|p1a: Toxapex|148/216 par\n|-enditem|p1a: Toxapex|Leftovers|[from] move: Knock Off|[of] p2a: Poliwrath\n|-damage|p2a: Poliwrath|96/302|[from] item: Life Orb\n|\n|upkeep\n|turn|24\n|\n|t:|1782834809\n|switch|p2a: Cyclizar|Cyclizar, L83, M|123/252\n|move|p1a: Toxapex|Toxic Spikes|p2a: Cyclizar\n|-sidestart|p2: Mikifp|move: Toxic Spikes\n|\n|upkeep\n|turn|25\n|\n|t:|1782834827\n|switch|p1a: Milotic|Milotic, L83, F|225/293\n|move|p2a: Cyclizar|Rapid Spin|p1a: Milotic\n|-damage|p1a: Milotic|164/293\n|-boost|p2a: Cyclizar|spe|1\n|-sideend|p2: Mikifp|Toxic Spikes|[from] move: Rapid Spin|[of] p2a: Cyclizar\n|\n|-heal|p1a: Milotic|182/293|[from] item: Leftovers\n|upkeep\n|turn|26\n|inactive|Mikifp has 120 seconds left.\n|\n|t:|1782834866\n|switch|p2a: Poliwrath|Poliwrath, L88, F|96/302\n|move|p1a: Milotic|Ice Beam|p2a: Poliwrath\n|-resisted|p2a: Poliwrath\n|-damage|p2a: Poliwrath|67/302\n|\n|-heal|p1a: Milotic|200/293|[from] item: Leftovers\n|upkeep\n|turn|27\n|inactive|Mikifp has 120 seconds left.\n|\n|t:|1782834881\n|switch|p1a: Toxapex|Toxapex, L82, F|216/216 par\n|switch|p2a: Cyclizar|Cyclizar, L83, M|207/252\n|\n|upkeep\n|turn|28\n|\n|t:|1782834891\n|move|p2a: Cyclizar|Shed Tail|p2a: Cyclizar\n|-start|p2a: Cyclizar|Substitute|[from] move: Shed Tail\n|-damage|p2a: Cyclizar|81/252\n|\n|t:|1782834899\n|switch|p2a: Hippowdon|Hippowdon, L82, M|311/311|[from] Shed Tail\n|-weather|Sandstorm|[from] ability: Sand Stream|[of] p2a: Hippowdon\n|move|p1a: Toxapex|Toxic Spikes|p2a: Hippowdon\n|-sidestart|p2: Mikifp|move: Toxic Spikes\n|\n|-weather|Sandstorm|[upkeep]\n|-damage|p1a: Toxapex|203/216 par|[from] Sandstorm\n|upkeep\n|turn|29\n|\n|t:|1782834915\n|switch|p1a: Mew|Mew, L82|298/298\n|move|p2a: Hippowdon|Curse|p2a: Hippowdon\n|-unboost|p2a: Hippowdon|spe|1\n|-boost|p2a: Hippowdon|atk|1\n|-boost|p2a: Hippowdon|def|1\n|\n|-weather|Sandstorm|[upkeep]\n|-damage|p1a: Mew|280/298|[from] Sandstorm\n|-heal|p1a: Mew|298/298|[from] item: Leftovers\n|upkeep\n|turn|30\n|\n|t:|1782834933\n|move|p1a: Mew|Encore|p2a: Hippowdon\n|-start|p2a: Hippowdon|Encore\n|move|p2a: Hippowdon|Curse|p2a: Hippowdon\n|-unboost|p2a: Hippowdon|spe|1\n|-boost|p2a: Hippowdon|atk|1\n|-boost|p2a: Hippowdon|def|1\n|\n|-weather|Sandstorm|[upkeep]\n|-damage|p1a: Mew|280/298|[from] Sandstorm\n|-heal|p1a: Mew|298/298|[from] item: Leftovers\n|upkeep\n|turn|31\n|\n|t:|1782834936\n|switch|p2a: Tinkaton|Tinkaton, L82, F|194/274 brn\n|-ability|p2a: Tinkaton|Mold Breaker\n|move|p1a: Mew|Psychic Noise|p2a: Tinkaton\n|-resisted|p2a: Tinkaton\n|-damage|p2a: Tinkaton|160/274 brn\n|-start|p2a: Tinkaton|move: Heal Block\n|\n|-weather|Sandstorm|[upkeep]\n|-damage|p1a: Mew|280/298|[from] Sandstorm\n|-heal|p1a: Mew|298/298|[from] item: Leftovers\n|-damage|p2a: Tinkaton|143/274 brn|[from] brn\n|upkeep\n|turn|32\n|\n|t:|1782834949\n|move|p1a: Mew|Knock Off|p2a: Tinkaton\n|-resisted|p2a: Tinkaton\n|-damage|p2a: Tinkaton|108/274 brn\n|-enditem|p2a: Tinkaton|Leftovers|[from] move: Knock Off|[of] p1a: Mew\n|move|p2a: Tinkaton|Thunder Wave||[still]\n|-status|p1a: Mew|par\n|-activate|p1a: Mew|ability: Synchronize\n|-fail|p1a: Mew\n|\n|-weather|none\n|-damage|p2a: Tinkaton|91/274 brn|[from] brn\n|-end|p2a: Tinkaton|move: Heal Block\n|upkeep\n|turn|33\n|\n|t:|1782834978\n|move|p2a: Tinkaton|Gigaton Hammer|p1a: Mew\n|-damage|p1a: Mew|237/298 par\n|cant|p1a: Mew|par\n|\n|-heal|p1a: Mew|255/298 par|[from] item: Leftovers\n|-damage|p2a: Tinkaton|74/274 brn|[from] brn\n|upkeep\n|turn|34\n|\n|t:|1782834997\n|move|p2a: Tinkaton|Play Rough|p1a: Mew\n|-damage|p1a: Mew|222/298 par\n|cant|p1a: Mew|par\n|\n|-heal|p1a: Mew|240/298 par|[from] item: Leftovers\n|-damage|p2a: Tinkaton|57/274 brn|[from] brn\n|upkeep\n|turn|35\n|\n|t:|1782835009\n|move|p2a: Tinkaton|Play Rough|p1a: Mew|[miss]\n|-miss|p2a: Tinkaton|p1a: Mew\n|move|p1a: Mew|Psychic Noise|p2a: Tinkaton\n|-resisted|p2a: Tinkaton\n|-damage|p2a: Tinkaton|21/274 brn\n|-start|p2a: Tinkaton|move: Heal Block\n|\n|-heal|p1a: Mew|258/298 par|[from] item: Leftovers\n|-damage|p2a: Tinkaton|4/274 brn|[from] brn\n|upkeep\n|turn|36\n|\n|t:|1782835017\n|switch|p1a: Toxapex|Toxapex, L82, F|216/216 par\n|move|p2a: Tinkaton|Encore||[still]\n|-fail|p2a: Tinkaton\n|\n|-damage|p2a: Tinkaton|0 fnt|[from] brn\n|faint|p2a: Tinkaton\n|upkeep\n|\n|t:|1782835020\n|switch|p2a: Cyclizar|Cyclizar, L83, M|165/252\n|turn|37\n|\n|t:|1782835025\n|switch|p1a: Mew|Mew, L82|258/298 par\n|move|p2a: Cyclizar|Rapid Spin|p1a: Mew\n|-damage|p1a: Mew|209/298 par\n|-boost|p2a: Cyclizar|spe|1\n|-sideend|p2: Mikifp|Toxic Spikes|[from] move: Rapid Spin|[of] p2a: Cyclizar\n|\n|-heal|p1a: Mew|227/298 par|[from] item: Leftovers\n|upkeep\n|turn|38\n|\n|t:|1782835034\n|move|p2a: Cyclizar|Knock Off|p1a: Mew\n|-supereffective|p1a: Mew\n|-damage|p1a: Mew|103/298 par\n|-enditem|p1a: Mew|Leftovers|[from] move: Knock Off|[of] p2a: Cyclizar\n|cant|p1a: Mew|par\n|\n|upkeep\n|turn|39\n|\n|t:|1782835040\n|move|p2a: Cyclizar|Draco Meteor|p1a: Mew\n|-damage|p1a: Mew|0 fnt\n|-unboost|p2a: Cyclizar|spa|2\n|faint|p1a: Mew\n|\n|upkeep\n|\n|t:|1782835049\n|switch|p1a: Krookodile|Krookodile, L79, M|280/280\n|-ability|p1a: Krookodile|Intimidate|boost\n|-unboost|p2a: Cyclizar|atk|1\n|turn|40\n|\n|t:|1782835057\n|move|p2a: Cyclizar|Shed Tail|p2a: Cyclizar\n|-start|p2a: Cyclizar|Substitute|[from] move: Shed Tail\n|-damage|p2a: Cyclizar|39/252\n|\n|t:|1782835062\n|switch|p2a: Hippowdon|Hippowdon, L82, M|311/311|[from] Shed Tail\n|-weather|Sandstorm|[from] ability: Sand Stream|[of] p2a: Hippowdon\n|move|p1a: Krookodile|Earthquake|p2a: Hippowdon\n|-end|p2a: Hippowdon|Substitute\n|\n|-weather|Sandstorm|[upkeep]\n|upkeep\n|turn|41\n|\n|t:|1782835069\n|switch|p2a: Poliwrath|Poliwrath, L88, F|67/302\n|move|p1a: Krookodile|Knock Off|p2a: Poliwrath\n|-resisted|p2a: Poliwrath\n|-damage|p2a: Poliwrath|16/302\n|-enditem|p2a: Poliwrath|Life Orb|[from] move: Knock Off|[of] p1a: Krookodile\n|\n|-weather|Sandstorm|[upkeep]\n|-damage|p2a: Poliwrath|0 fnt|[from] Sandstorm\n|faint|p2a: Poliwrath\n|upkeep\n|\n|t:|1782835076\n|switch|p2a: Hippowdon|Hippowdon, L82, M|311/311\n|turn|42\n|\n|t:|1782835078\n|switch|p1a: Milotic|Milotic, L83, F|200/293\n|move|p2a: Hippowdon|Curse|p2a: Hippowdon\n|-unboost|p2a: Hippowdon|spe|1\n|-boost|p2a: Hippowdon|atk|1\n|-boost|p2a: Hippowdon|def|1\n|\n|-weather|Sandstorm|[upkeep]\n|-damage|p1a: Milotic|182/293|[from] Sandstorm\n|-heal|p1a: Milotic|200/293|[from] item: Leftovers\n|upkeep\n|turn|43\n|\n|t:|1782835084\n|-terastallize|p2a: Hippowdon|Steel\n|move|p1a: Milotic|Scald|p2a: Hippowdon\n|-damage|p2a: Hippowdon|217/311\n|move|p2a: Hippowdon|Curse|p2a: Hippowdon\n|-unboost|p2a: Hippowdon|spe|1\n|-boost|p2a: Hippowdon|atk|1\n|-boost|p2a: Hippowdon|def|1\n|\n|-weather|Sandstorm|[upkeep]\n|-damage|p1a: Milotic|182/293|[from] Sandstorm\n|-heal|p1a: Milotic|200/293|[from] item: Leftovers\n|-heal|p2a: Hippowdon|236/311|[from] item: Leftovers\n|upkeep\n|turn|44\n|\n|t:|1782835092\n|move|p2a: Hippowdon|Slack Off|p2a: Hippowdon\n|-heal|p2a: Hippowdon|311/311\n|move|p1a: Milotic|Dragon Tail|p2a: Hippowdon\n|-resisted|p2a: Hippowdon\n|-damage|p2a: Hippowdon|305/311\n|drag|p2a: Camerupt|Camerupt, L91, M|275/275\n|\n|-weather|none\n|-heal|p1a: Milotic|218/293|[from] item: Leftovers\n|upkeep\n|turn|45\n|\n|t:|1782835099\n|move|p1a: Milotic|Scald|p2a: Camerupt\n|-supereffective|p2a: Camerupt\n|-damage|p2a: Camerupt|2/275\n|move|p2a: Camerupt|Stealth Rock|p1a: Milotic\n|-sidestart|p1: sugasleepy|move: Stealth Rock\n|\n|-heal|p1a: Milotic|236/293|[from] item: Leftovers\n|-heal|p2a: Camerupt|19/275|[from] item: Leftovers\n|upkeep\n|turn|46\n|\n|t:|1782835105\n|move|p1a: Milotic|Scald|p2a: Camerupt\n|-supereffective|p2a: Camerupt\n|-damage|p2a: Camerupt|0 fnt\n|faint|p2a: Camerupt\n|\n|-heal|p1a: Milotic|254/293|[from] item: Leftovers\n|upkeep\n|\n|t:|1782835107\n|switch|p2a: Cyclizar|Cyclizar, L83, M|123/252\n|turn|47\n|\n|t:|1782835113\n|move|p2a: Cyclizar|Knock Off|p1a: Milotic\n|-damage|p1a: Milotic|181/293\n|-enditem|p1a: Milotic|Leftovers|[from] move: Knock Off|[of] p2a: Cyclizar\n|move|p1a: Milotic|Ice Beam|p2a: Cyclizar\n|-supereffective|p2a: Cyclizar\n|-damage|p2a: Cyclizar|0 fnt\n|faint|p2a: Cyclizar\n|\n|upkeep\n|\n|t:|1782835116\n|switch|p2a: Hippowdon|Hippowdon, L82, M, tera:Steel|305/311\n|-weather|Sandstorm|[from] ability: Sand Stream|[of] p2a: Hippowdon\n|turn|48\n|\n|t:|1782835121\n|move|p1a: Milotic|Scald|p2a: Hippowdon\n|-damage|p2a: Hippowdon|208/311\n|-status|p2a: Hippowdon|brn\n|move|p2a: Hippowdon|Curse|p2a: Hippowdon\n|-unboost|p2a: Hippowdon|spe|1\n|-boost|p2a: Hippowdon|atk|1\n|-boost|p2a: Hippowdon|def|1\n|\n|-weather|Sandstorm|[upkeep]\n|-damage|p1a: Milotic|163/293|[from] Sandstorm\n|-heal|p2a: Hippowdon|227/311 brn|[from] item: Leftovers\n|-damage|p2a: Hippowdon|208/311 brn|[from] brn\n|upkeep\n|turn|49\n|\n|t:|1782835125\n|switch|p1a: Krookodile|Krookodile, L79, M|280/280\n|-damage|p1a: Krookodile|263/280|[from] Stealth Rock\n|-ability|p1a: Krookodile|Intimidate|boost\n|-unboost|p2a: Hippowdon|atk|1\n|move|p2a: Hippowdon|Curse|p2a: Hippowdon\n|-unboost|p2a: Hippowdon|spe|1\n|-boost|p2a: Hippowdon|atk|1\n|-boost|p2a: Hippowdon|def|1\n|\n|-weather|Sandstorm|[upkeep]\n|-heal|p1a: Krookodile|280/280|[from] item: Leftovers\n|-heal|p2a: Hippowdon|227/311 brn|[from] item: Leftovers\n|-damage|p2a: Hippowdon|208/311 brn|[from] brn\n|upkeep\n|turn|50\n|\n|t:|1782835131\n|move|p1a: Krookodile|Earthquake|p2a: Hippowdon\n|-supereffective|p2a: Hippowdon\n|-damage|p2a: Hippowdon|124/311 brn\n|move|p2a: Hippowdon|Slack Off|p2a: Hippowdon\n|-heal|p2a: Hippowdon|280/311 brn\n|\n|-weather|Sandstorm|[upkeep]\n|-heal|p2a: Hippowdon|299/311 brn|[from] item: Leftovers\n|-damage|p2a: Hippowdon|280/311 brn|[from] brn\n|upkeep\n|turn|51\n|\n|t:|1782835136\n|move|p1a: Krookodile|Bulk Up|p1a: Krookodile\n|-boost|p1a: Krookodile|atk|1\n|-boost|p1a: Krookodile|def|1\n|move|p2a: Hippowdon|Curse|p2a: Hippowdon\n|-unboost|p2a: Hippowdon|spe|1\n|-boost|p2a: Hippowdon|atk|1\n|-boost|p2a: Hippowdon|def|1\n|\n|-weather|Sandstorm|[upkeep]\n|-heal|p2a: Hippowdon|299/311 brn|[from] item: Leftovers\n|-damage|p2a: Hippowdon|280/311 brn|[from] brn\n|upkeep\n|turn|52\n|\n|t:|1782835140\n|move|p1a: Krookodile|Bulk Up|p1a: Krookodile\n|-boost|p1a: Krookodile|atk|1\n|-boost|p1a: Krookodile|def|1\n|move|p2a: Hippowdon|Curse|p2a: Hippowdon\n|-unboost|p2a: Hippowdon|spe|1\n|-boost|p2a: Hippowdon|atk|1\n|-boost|p2a: Hippowdon|def|1\n|\n|-weather|none\n|-heal|p2a: Hippowdon|299/311 brn|[from] item: Leftovers\n|-damage|p2a: Hippowdon|280/311 brn|[from] brn\n|upkeep\n|turn|53\n|\n|t:|1782835144\n|move|p1a: Krookodile|Bulk Up|p1a: Krookodile\n|-boost|p1a: Krookodile|atk|1\n|-boost|p1a: Krookodile|def|1\n|move|p2a: Hippowdon|Curse|p2a: Hippowdon\n|-unboost|p2a: Hippowdon|spe|1\n|-boost|p2a: Hippowdon|atk|1\n|-boost|p2a: Hippowdon|def|1\n|\n|-heal|p2a: Hippowdon|299/311 brn|[from] item: Leftovers\n|-damage|p2a: Hippowdon|280/311 brn|[from] brn\n|upkeep\n|turn|54\n|\n|t:|1782835146\n|move|p1a: Krookodile|Bulk Up|p1a: Krookodile\n|-boost|p1a: Krookodile|atk|1\n|-boost|p1a: Krookodile|def|1\n|move|p2a: Hippowdon|Earthquake|p1a: Krookodile\n|-damage|p1a: Krookodile|211/280\n|\n|-heal|p1a: Krookodile|228/280|[from] item: Leftovers\n|-heal|p2a: Hippowdon|299/311 brn|[from] item: Leftovers\n|-damage|p2a: Hippowdon|280/311 brn|[from] brn\n|upkeep\n|turn|55\n|\n|t:|1782835152\n|move|p1a: Krookodile|Bulk Up|p1a: Krookodile\n|-boost|p1a: Krookodile|atk|1\n|-boost|p1a: Krookodile|def|1\n|move|p2a: Hippowdon|Earthquake|p1a: Krookodile\n|-damage|p1a: Krookodile|177/280\n|\n|-heal|p1a: Krookodile|194/280|[from] item: Leftovers\n|-heal|p2a: Hippowdon|299/311 brn|[from] item: Leftovers\n|-damage|p2a: Hippowdon|280/311 brn|[from] brn\n|upkeep\n|turn|56\n|\n|t:|1782835155\n|move|p1a: Krookodile|Earthquake|p2a: Hippowdon\n|-supereffective|p2a: Hippowdon\n|-damage|p2a: Hippowdon|110/311 brn\n|move|p2a: Hippowdon|Curse|p2a: Hippowdon\n|-unboost|p2a: Hippowdon|spe|1\n|-boost|p2a: Hippowdon|atk|1\n|-boost|p2a: Hippowdon|def|1\n|\n|-heal|p1a: Krookodile|211/280|[from] item: Leftovers\n|-heal|p2a: Hippowdon|129/311 brn|[from] item: Leftovers\n|-damage|p2a: Hippowdon|110/311 brn|[from] brn\n|upkeep\n|turn|57\n|\n|t:|1782835157\n|move|p1a: Krookodile|Earthquake|p2a: Hippowdon\n|-supereffective|p2a: Hippowdon\n|-damage|p2a: Hippowdon|0 fnt\n|faint|p2a: Hippowdon\n|\n|win|sugasleepy\n", "inputlog": ">version f8ac14003a5f27e1bdc8d8c59608a773c1cb96e5\n>start {\"formatid\":\"gen9randombattle\",\"seed\":\"sodium,4dfe311a7d367c32575db652b7f3ee5d\",\"rated\":\"Rated battle\"}\n>player p1 {\"name\":\"sugasleepy\",\"avatar\":\"102\",\"rating\":1973,\"seed\":\"sodium,22bb870e19fb86b58089f8d1f3945a01\"}\n>player p2 {\"name\":\"Mikifp\",\"avatar\":\"riley\",\"rating\":1919,\"seed\":\"sodium,f09ec8867292ab27894e51c87e1fee13\"}\n>p1 move freezedry\n>p2 move closecombat\n>p1 switch 6\n>p1 move psychicnoise\n>p2 switch 6\n>p1 move willowisp\n>p2 move encore\n>p1 switch 5\n>p2 move thunderwave\n>p1 move toxicspikes\n>p2 switch 4\n>p1 move toxicspikes\n>p2 move earthquake\n>p1 switch 3\n>p2 move earthquake\n>p1 move recover\n>p2 switch 2\n>p1 move icebeam\n>p2 move rapidspin\n>p1 move icebeam\n>p2 switch 4\n>p1 switch 3\n>p2 switch 2\n>p1 switch 3\n>p2 move earthquake\n>p1 move recover\n>p2 switch 3\n>p1 move icebeam\n>p2 move dragondance\n>p1 move icebeam\n>p2 move dragonclaw\n>p2 switch 4\n>p1 switch 3\n>p2 move dracometeor\n>p1 switch 3\n>p2 move shedtail\n>p2 switch 3\n>p1 move recover\n>p2 move earthquake\n>p1 move recover\n>p2 move earthquake\n>p1 move recover\n>p2 move earthquake\n>p1 move icebeam\n>p2 move earthquake\n>p1 move recover\n>p2 switch 6\n>p1 switch 3\n>p2 move knockoff\n>p1 move toxicspikes\n>p2 switch 3\n>p1 switch 3\n>p2 move rapidspin\n>p1 move icebeam\n>p2 switch 3\n>p1 switch 3\n>p2 switch 3\n>p1 move toxicspikes\n>p2 move shedtail\n>p2 switch 6\n>p1 switch 5\n>p2 move curse\n>p1 move encore\n>p2 move earthquake\n>p1 move psychicnoise\n>p2 switch 2\n>p1 move knockoff\n>p2 move thunderwave\n>p1 move psychicnoise\n>p2 move gigatonhammer\n>p1 move psychicnoise\n>p2 move playrough\n>p1 move psychicnoise\n>p2 move playrough\n>p1 switch 5\n>p2 move encore\n>p2 switch 6\n>p1 switch 5\n>p2 move rapidspin\n>p1 move psychicnoise\n>p2 move knockoff\n>p1 move psychicnoise\n>p2 move dracometeor\n>p1 switch 2\n>p1 move earthquake\n>p2 move shedtail\n>p2 switch 2\n>p1 move knockoff\n>p2 switch 3\n>p2 switch 3\n>p1 switch 3\n>p2 move curse\n>p1 move scald\n>p2 move curse terastallize\n>p1 move dragontail\n>p2 move slackoff\n>p1 move scald\n>p2 move stealthrock\n>p1 move scald\n>p2 move earthquake\n>p2 switch 2\n>p1 move icebeam\n>p2 move knockoff\n>p2 switch 5\n>p1 move scald\n>p2 move curse\n>p1 switch 3\n>p2 move curse\n>p1 move earthquake\n>p2 move slackoff\n>p1 move bulkup\n>p2 move curse\n>p1 move bulkup\n>p2 move curse\n>p1 move bulkup\n>p2 move curse\n>p1 move bulkup\n>p2 move earthquake\n>p1 move bulkup\n>p2 move earthquake\n>p1 move earthquake\n>p2 move curse\n>p1 move earthquake\n>p2 move slackoff", "uploadtime": 1782834572, "views": 3, "formatid": "gen9randombattle", "rating": null, "private": 0, "password": null, "player_dets": [{"name": "sugasleepy", "avatar": "102", "rating": 1973, "seed": "sodium,22bb870e19fb86b58089f8d1f3945a01"}, {"name": "Mikifp", "avatar": "riley", "rating": 1919, "seed": "sodium,f09ec8867292ab27894e51c87e1fee13"}], "teams_full": [{"Glalie": {"name": "Glalie", "species": "Glalie", "speciesId": "glalie", "gender": "F", "shiny": false, "level": 96, "moves": ["freezedry", "earthquake", "taunt", "spikes"], "ability": "Inner Focus", "evs": {"hp": 85, "atk": 85, "def": 85, "spa": 85, "spd": 85, "spe": 85}, "ivs": {"hp": 31, "atk": 31, "def": 31, "spa": 31, "spd": 31, "spe": 31}, "item": "Heavy-Duty Boots", "teraType": "Ground", "role": "Fast Support", "bvs": {"hp": 80, "atk": 80, "def": 80, "spa": 80, "spd": 80, "spe": 80}, "stats": {"hp": 309, "atk": 208, "def": 208, "spa": 208, "spd": 208, "spe": 208}, "types": ["Ice"]}, "Krookodile": {"name": "Krookodile", "species": "Krookodile", "speciesId": "krookodile", "gender": "M", "shiny": false, "level": 79, "moves": ["earthquake", "gunkshot", "bulkup", "knockoff"], "ability": "Intimidate", "evs": {"hp": 85, "atk": 85, "def": 85, "spa": 85, "spd": 85, "spe": 85}, "ivs": {"hp": 31, "atk": 31, "def": 31, "spa": 31, "spd": 31, "spe": 31}, "item": "Leftovers", "teraType": "Poison", "role": "Bulky Setup", "bvs": {"hp": 95, "atk": 117, "def": 80, "spa": 65, "spd": 70, "spe": 92}, "stats": {"hp": 280, "atk": 230, "def": 172, "spa": 148, "spd": 156, "spe": 191}, "types": ["Ground", "Dark"]}, "Milotic": {"name": "Milotic", "species": "Milotic", "speciesId": "milotic", "gender": "F", "shiny": false, "level": 83, "moves": ["recover", "dragontail", "scald", "icebeam"], "ability": "Competitive", "evs": {"hp": 85, "atk": 85, "def": 85, "spa": 85, "spd": 85, "spe": 85}, "ivs": {"hp": 31, "atk": 31, "def": 31, "spa": 31, "spd": 31, "spe": 31}, "item": "Leftovers", "teraType": "Dragon", "role": "Bulky Attacker", "bvs": {"hp": 95, "atk": 60, "def": 79, "spa": 100, "spd": 125, "spe": 81}, "stats": {"hp": 293, "atk": 147, "def": 179, "spa": 214, "spd": 255, "spe": 182}, "types": ["Water"]}, "Klawf": {"name": "Klawf", "species": "Klawf", "speciesId": "klawf", "gender": "M", "shiny": false, "level": 90, "moves": ["crabhammer", "stealthrock", "stoneedge", "knockoff"], "ability": "Regenerator", "evs": {"hp": 85, "atk": 85, "def": 85, "spa": 85, "spd": 85, "spe": 85}, "ivs": {"hp": 31, "atk": 31, "def": 31, "spa": 31, "spd": 31, "spe": 31}, "item": "Life Orb", "teraType": "Dark", "role": "Fast Attacker", "bvs": {"hp": 70, "atk": 100, "def": 115, "spa": 35, "spd": 55, "spe": 75}, "stats": {"hp": 272, "atk": 231, "def": 258, "spa": 114, "spd": 150, "spe": 186}, "types": ["Rock"]}, "Toxapex": {"name": "Toxapex", "species": "Toxapex", "speciesId": "toxapex", "gender": "F", "shiny": false, "level": 82, "moves": ["liquidation", "recover", "haze", "toxicspikes"], "ability": "Regenerator", "evs": {"hp": 85, "atk": 85, "def": 85, "spa": 85, "spd": 85, "spe": 85}, "ivs": {"hp": 31, "atk": 31, "def": 31, "spa": 31, "spd": 31, "spe": 31}, "item": "Leftovers", "teraType": "Steel", "role": "Bulky Support", "bvs": {"hp": 50, "atk": 63, "def": 152, "spa": 53, "spd": 142, "spe": 35}, "stats": {"hp": 216, "atk": 150, "def": 296, "spa": 134, "spd": 280, "spe": 105}, "types": ["Poison", "Water"]}, "Mew": {"name": "Mew", "species": "Mew", "speciesId": "mew", "gender": "N", "shiny": false, "level": 82, "moves": ["willowisp", "knockoff", "encore", "psychicnoise"], "ability": "Synchronize", "evs": {"hp": 85, "atk": 85, "def": 85, "spa": 85, "spd": 85, "spe": 85}, "ivs": {"hp": 31, "atk": 31, "def": 31, "spa": 31, "spd": 31, "spe": 31}, "item": "Leftovers", "teraType": "Steel", "role": "Bulky Support", "bvs": {"hp": 100, "atk": 100, "def": 100, "spa": 100, "spd": 100, "spe": 100}, "stats": {"hp": 298, "atk": 211, "def": 211, "spa": 211, "spd": 211, "spe": 211}, "types": ["Psychic"]}}, {"Poliwrath": {"name": "Poliwrath", "species": "Poliwrath", "speciesId": "poliwrath", "gender": "F", "shiny": false, "level": 88, "moves": ["raindance", "liquidation", "knockoff", "closecombat"], "ability": "Swift Swim", "evs": {"hp": 85, "atk": 85, "def": 85, "spa": 85, "spd": 85, "spe": 85}, "ivs": {"hp": 31, "atk": 31, "def": 31, "spa": 31, "spd": 31, "spe": 31}, "item": "Life Orb", "teraType": "Fighting", "role": "Setup Sweeper", "bvs": {"hp": 90, "atk": 95, "def": 95, "spa": 70, "spd": 90, "spe": 70}, "stats": {"hp": 302, "atk": 217, "def": 217, "spa": 173, "spd": 209, "spe": 173}, "types": ["Water", "Fighting"]}, "Cyclizar": {"name": "Cyclizar", "species": "Cyclizar", "speciesId": "cyclizar", "gender": "M", "shiny": false, "level": 83, "moves": ["dracometeor", "shedtail", "rapidspin", "knockoff"], "ability": "Regenerator", "evs": {"hp": 85, "atk": 85, "def": 85, "spa": 85, "spd": 85, "spe": 85}, "ivs": {"hp": 31, "atk": 31, "def": 31, "spa": 31, "spd": 31, "spe": 31}, "item": "Heavy-Duty Boots", "teraType": "Dragon", "role": "Fast Support", "bvs": {"hp": 70, "atk": 95, "def": 65, "spa": 85, "spd": 65, "spe": 121}, "stats": {"hp": 252, "atk": 205, "def": 156, "spa": 189, "spd": 156, "spe": 249}, "types": ["Dragon", "Normal"]}, "Regidrago": {"name": "Regidrago", "species": "Regidrago", "speciesId": "regidrago", "gender": "N", "shiny": false, "level": 77, "moves": ["earthquake", "dragondance", "terablast", "dragonclaw"], "ability": "Dragon's Maw", "evs": {"hp": 85, "atk": 85, "def": 85, "spa": 85, "spd": 85, "spe": 85}, "ivs": {"hp": 31, "atk": 31, "def": 31, "spa": 31, "spd": 31, "spe": 31}, "item": "Life Orb", "teraType": "Steel", "role": "Tera Blast user", "bvs": {"hp": 200, "atk": 100, "def": 50, "spa": 100, "spd": 50, "spe": 80}, "stats": {"hp": 435, "atk": 199, "def": 122, "spa": 199, "spd": 122, "spe": 168}, "types": ["Dragon"]}, "Hippowdon": {"name": "Hippowdon", "species": "Hippowdon", "speciesId": "hippowdon", "gender": "M", "shiny": false, "level": 82, "moves": ["stoneedge", "earthquake", "curse", "slackoff"], "ability": "Sand Stream", "evs": {"hp": 85, "atk": 85, "def": 85, "spa": 85, "spd": 85, "spe": 85}, "ivs": {"hp": 31, "atk": 31, "def": 31, "spa": 31, "spd": 31, "spe": 31}, "item": "Leftovers", "teraType": "Steel", "role": "Bulky Setup", "bvs": {"hp": 108, "atk": 112, "def": 118, "spa": 68, "spd": 72, "spe": 47}, "stats": {"hp": 311, "atk": 231, "def": 241, "spa": 159, "spd": 165, "spe": 124}, "types": ["Ground"]}, "Camerupt": {"name": "Camerupt", "species": "Camerupt", "speciesId": "camerupt", "gender": "M", "shiny": false, "level": 91, "moves": ["willowisp", "stealthrock", "overheat", "earthquake"], "ability": "Solid Rock", "evs": {"hp": 85, "atk": 85, "def": 85, "spa": 85, "spd": 85, "spe": 85}, "ivs": {"hp": 31, "atk": 31, "def": 31, "spa": 31, "spd": 31, "spe": 31}, "item": "Leftovers", "teraType": "Water", "role": "Bulky Support", "bvs": {"hp": 70, "atk": 100, "def": 70, "spa": 105, "spd": 75, "spe": 40}, "stats": {"hp": 275, "atk": 234, "def": 179, "spa": 243, "spd": 188, "spe": 125}, "types": ["Fire", "Ground"]}, "Tinkaton": {"name": "Tinkaton", "species": "Tinkaton", "speciesId": "tinkaton", "gender": "F", "shiny": false, "level": 82, "moves": ["playrough", "gigatonhammer", "thunderwave", "encore"], "ability": "Mold Breaker", "evs": {"hp": 85, "atk": 85, "def": 85, "spa": 85, "spd": 85, "spe": 85}, "ivs": {"hp": 31, "atk": 31, "def": 31, "spa": 31, "spd": 31, "spe": 31}, "item": "Leftovers", "teraType": "Water", "role": "Bulky Attacker", "bvs": {"hp": 85, "atk": 75, "def": 77, "spa": 70, "spd": 105, "spe": 94}, "stats": {"hp": 274, "atk": 170, "def": 173, "spa": 162, "spd": 219, "spe": 201}, "types": ["Fairy", "Steel"]}}]}