{"id": "gen9randombattle-2641719155", "format": "[Gen 9] Random Battle", "players": ["Swiftbaby", "bros1021"], "log": "|j|\u2606Swiftbaby\n|j|\u2606bros1021\n|t:|1782833744\n|gametype|singles\n|player|p1|Swiftbaby|riley|1928\n|player|p2|bros1021|265|1956\n|gen|9\n|tier|[Gen 9] Random Battle\n|rated|\n|rule|Species Clause: Limit one of each Pok\u00e9mon\n|rule|HP Percentage Mod: HP is shown in percentages\n|rule|Sleep Clause Mod: Limit one foe put to sleep\n|rule|Illusion Level Mod: Illusion disguises the Pok\u00e9mon's true level\n|\n|t:|1782833744\n|teamsize|p1|6\n|teamsize|p2|6\n|start\n|switch|p1a: Gengar|Gengar, L81, F|230/230\n|switch|p2a: Ting-Lu|Ting-Lu, L78|370/370\n|-ability|p2a: Ting-Lu|Vessel of Ruin\n|turn|1\n|inactive|Battle timer is ON: inactive players will automatically lose when time's up. (requested by Swiftbaby)\n|inactive|bros1021 has 120 seconds left.\n|\n|t:|1782833792\n|switch|p1a: Floatzel|Floatzel, L86, M|286/286\n|move|p2a: Ting-Lu|Stealth Rock|p1a: Floatzel\n|-sidestart|p1: Swiftbaby|move: Stealth Rock\n|\n|upkeep\n|turn|2\n|\n|t:|1782833801\n|switch|p2a: Dragalge|Dragalge, L88, F|258/258\n|move|p1a: Floatzel|Taunt|p2a: Dragalge\n|-start|p2a: Dragalge|move: Taunt\n|\n|upkeep\n|turn|3\n|\n|t:|1782833813\n|switch|p1a: Registeel|Registeel, L81|262/262\n|-damage|p1a: Registeel|246/262|[from] Stealth Rock\n|move|p2a: Dragalge|Draco Meteor|p1a: Registeel\n|-resisted|p1a: Registeel\n|-damage|p1a: Registeel|141/262\n|-unboost|p2a: Dragalge|spa|2\n|\n|upkeep\n|turn|4\n|\n|t:|1782833821\n|switch|p2a: Ting-Lu|Ting-Lu, L78|370/370\n|-ability|p2a: Ting-Lu|Vessel of Ruin\n|move|p1a: Registeel|Iron Defense|p1a: Registeel\n|-boost|p1a: Registeel|def|2\n|\n|upkeep\n|turn|5\n|\n|t:|1782833827\n|-terastallize|p2a: Ting-Lu|Ghost\n|move|p1a: Registeel|Body Press|p2a: Ting-Lu\n|-immune|p2a: Ting-Lu\n|move|p2a: Ting-Lu|Whirlwind|p1a: Registeel\n|drag|p1a: Araquanid|Araquanid, L82, F|246/246\n|\n|upkeep\n|turn|6\n|\n|t:|1782833839\n|switch|p2a: Dragalge|Dragalge, L88, F|258/258\n|move|p1a: Araquanid|Sticky Web|p2a: Dragalge\n|-sidestart|p2: bros1021|move: Sticky Web\n|\n|upkeep\n|turn|7\n|\n|t:|1782833844\n|move|p2a: Dragalge|Draco Meteor|p1a: Araquanid|[miss]\n|-miss|p2a: Dragalge|p1a: Araquanid\n|move|p1a: Araquanid|Mirror Coat||[still]\n|-fail|p1a: Araquanid\n|\n|upkeep\n|turn|8\n|\n|t:|1782833854\n|switch|p2a: Diancie|Diancie, L82|216/216\n|-activate|p2a: Diancie|move: Sticky Web\n|-fail|p2a: Diancie|unboost|[from] ability: Clear Body|[of] p2a: Diancie\n|move|p1a: Araquanid|Mirror Coat||[still]\n|-fail|p1a: Araquanid\n|\n|upkeep\n|turn|9\n|\n|t:|1782833858\n|switch|p1a: Registeel|Registeel, L81|141/262\n|-damage|p1a: Registeel|125/262|[from] Stealth Rock\n|move|p2a: Diancie|Diamond Storm|p1a: Registeel\n|-resisted|p1a: Registeel\n|-damage|p1a: Registeel|93/262\n|-boost|p2a: Diancie|def|2\n|\n|upkeep\n|turn|10\n|\n|t:|1782833862\n|move|p2a: Diancie|Earth Power|p1a: Registeel\n|-supereffective|p1a: Registeel\n|-damage|p1a: Registeel|3/262\n|move|p1a: Registeel|Rest|p1a: Registeel\n|-status|p1a: Registeel|slp|[from] move: Rest\n|-heal|p1a: Registeel|262/262 slp|[silent]\n|-enditem|p1a: Registeel|Chesto Berry|[eat]\n|-curestatus|p1a: Registeel|slp|[msg]\n|\n|upkeep\n|turn|11\n|\n|t:|1782833865\n|switch|p2a: Ting-Lu|Ting-Lu, L78, tera:Ghost|370/370\n|-activate|p2a: Ting-Lu|move: Sticky Web\n|-unboost|p2a: Ting-Lu|spe|1\n|-ability|p2a: Ting-Lu|Vessel of Ruin\n|move|p1a: Registeel|Iron Head|p2a: Ting-Lu\n|-damage|p2a: Ting-Lu|319/370\n|\n|-heal|p2a: Ting-Lu|342/370|[from] item: Leftovers\n|upkeep\n|turn|12\n|\n|t:|1782833883\n|move|p1a: Registeel|Iron Head|p2a: Ting-Lu\n|-damage|p2a: Ting-Lu|290/370\n|move|p2a: Ting-Lu|Throat Chop|p1a: Registeel\n|-damage|p1a: Registeel|207/262\n|-start|p1a: Registeel|Throat Chop|[silent]\n|\n|-heal|p2a: Ting-Lu|313/370|[from] item: Leftovers\n|upkeep\n|turn|13\n|\n|t:|1782833887\n|move|p1a: Registeel|Iron Head|p2a: Ting-Lu\n|-damage|p2a: Ting-Lu|259/370\n|move|p2a: Ting-Lu|Whirlwind|p1a: Registeel\n|drag|p1a: Wigglytuff|Wigglytuff, L96, M|424/424\n|-damage|p1a: Wigglytuff|371/424|[from] Stealth Rock\n|\n|-heal|p1a: Wigglytuff|397/424|[from] item: Leftovers\n|-heal|p2a: Ting-Lu|282/370|[from] item: Leftovers\n|upkeep\n|turn|14\n|\n|t:|1782833893\n|switch|p2a: Dragalge|Dragalge, L88, F|258/258\n|-activate|p2a: Dragalge|move: Sticky Web\n|-unboost|p2a: Dragalge|spe|1\n|move|p1a: Wigglytuff|Knock Off|p2a: Dragalge\n|-damage|p2a: Dragalge|187/258\n|-enditem|p2a: Dragalge|Choice Specs|[from] move: Knock Off|[of] p1a: Wigglytuff\n|\n|-heal|p1a: Wigglytuff|423/424|[from] item: Leftovers\n|upkeep\n|turn|15\n|\n|t:|1782833897\n|move|p1a: Wigglytuff|Protect|p1a: Wigglytuff\n|-singleturn|p1a: Wigglytuff|Protect\n|move|p2a: Dragalge|Focus Blast|p1a: Wigglytuff\n|-activate|p1a: Wigglytuff|move: Protect\n|\n|-heal|p1a: Wigglytuff|424/424|[from] item: Leftovers\n|upkeep\n|turn|16\n|\n|t:|1782833903\n|move|p1a: Wigglytuff|Wish|p1a: Wigglytuff\n|move|p2a: Dragalge|Sludge Wave|p1a: Wigglytuff\n|-supereffective|p1a: Wigglytuff\n|-damage|p1a: Wigglytuff|44/424\n|\n|-heal|p1a: Wigglytuff|70/424|[from] item: Leftovers\n|upkeep\n|turn|17\n|\n|t:|1782833909\n|move|p1a: Wigglytuff|Protect|p1a: Wigglytuff\n|-singleturn|p1a: Wigglytuff|Protect\n|move|p2a: Dragalge|Sludge Wave|p1a: Wigglytuff\n|-activate|p1a: Wigglytuff|move: Protect\n|\n|-heal|p1a: Wigglytuff|282/424|[from] move: Wish|[wisher] Wigglytuff\n|-heal|p1a: Wigglytuff|308/424|[from] item: Leftovers\n|upkeep\n|turn|18\n|\n|t:|1782833913\n|switch|p1a: Registeel|Registeel, L81|207/262\n|-damage|p1a: Registeel|191/262|[from] Stealth Rock\n|move|p2a: Dragalge|Focus Blast|p1a: Registeel\n|-supereffective|p1a: Registeel\n|-damage|p1a: Registeel|55/262\n|\n|upkeep\n|turn|19\n|\n|t:|1782833918\n|move|p1a: Registeel|Iron Head|p2a: Dragalge\n|-damage|p2a: Dragalge|121/258\n|move|p2a: Dragalge|Flip Turn|p1a: Registeel\n|-damage|p1a: Registeel|26/262\n|\n|t:|1782833922\n|switch|p2a: Diancie|Diancie, L82|216/216|[from] Flip Turn\n|-activate|p2a: Diancie|move: Sticky Web\n|-fail|p2a: Diancie|unboost|[from] ability: Clear Body|[of] p2a: Diancie\n|\n|upkeep\n|turn|20\n|\n|t:|1782833931\n|switch|p1a: Araquanid|Araquanid, L82, F|246/246\n|move|p2a: Diancie|Earth Power|p1a: Araquanid\n|-resisted|p1a: Araquanid\n|-damage|p1a: Araquanid|223/246\n|\n|upkeep\n|turn|21\n|\n|t:|1782833935\n|move|p2a: Diancie|Diamond Storm|p1a: Araquanid\n|-supereffective|p1a: Araquanid\n|-damage|p1a: Araquanid|29/246\n|-boost|p2a: Diancie|def|2\n|move|p1a: Araquanid|Liquidation|p2a: Diancie\n|-supereffective|p2a: Diancie\n|-damage|p2a: Diancie|126/216\n|\n|-heal|p2a: Diancie|139/216|[from] item: Leftovers\n|upkeep\n|turn|22\n|\n|t:|1782833942\n|move|p2a: Diancie|Draining Kiss|p1a: Araquanid\n|-damage|p1a: Araquanid|0 fnt\n|-heal|p2a: Diancie|161/216|[from] drain|[of] p1a: Araquanid\n|faint|p1a: Araquanid\n|\n|-heal|p2a: Diancie|174/216|[from] item: Leftovers\n|upkeep\n|\n|t:|1782833949\n|switch|p1a: Gengar|Gengar, L81, F|230/230\n|-damage|p1a: Gengar|202/230|[from] Stealth Rock\n|turn|23\n|\n|t:|1782833955\n|move|p1a: Gengar|Sludge Wave|p2a: Diancie\n|-damage|p2a: Diancie|65/216\n|-damage|p1a: Gengar|179/230|[from] item: Life Orb\n|move|p2a: Diancie|Earth Power|p1a: Gengar\n|-supereffective|p1a: Gengar\n|-damage|p1a: Gengar|39/230\n|\n|-heal|p2a: Diancie|78/216|[from] item: Leftovers\n|upkeep\n|turn|24\n|\n|t:|1782833963\n|switch|p2a: Dragalge|Dragalge, L88, F|121/258\n|-activate|p2a: Dragalge|move: Sticky Web\n|-unboost|p2a: Dragalge|spe|1\n|move|p1a: Gengar|Sludge Wave|p2a: Dragalge\n|-resisted|p2a: Dragalge\n|-damage|p2a: Dragalge|64/258\n|-damage|p1a: Gengar|16/230|[from] item: Life Orb\n|\n|upkeep\n|turn|25\n|\n|t:|1782833973\n|switch|p2a: Zangoose|Zangoose, L85, F|263/263\n|-activate|p2a: Zangoose|move: Sticky Web\n|-unboost|p2a: Zangoose|spe|1\n|move|p1a: Gengar|Toxic Spikes|p2a: Zangoose\n|-sidestart|p2: bros1021|move: Toxic Spikes\n|\n|-status|p2a: Zangoose|tox|[from] item: Toxic Orb\n|upkeep\n|turn|26\n|\n|t:|1782833978\n|switch|p2a: Dragalge|Dragalge, L88, F|64/258\n|-activate|p2a: Dragalge|move: Sticky Web\n|-unboost|p2a: Dragalge|spe|1\n|-sideend|p2: bros1021|move: Toxic Spikes|[of] p2a: Dragalge\n|move|p1a: Gengar|Focus Blast|p2a: Dragalge\n|-resisted|p2a: Dragalge\n|-damage|p2a: Dragalge|17/258\n|-damage|p1a: Gengar|0 fnt|[from] item: Life Orb\n|faint|p1a: Gengar\n|\n|upkeep\n|\n|t:|1782833984\n|switch|p1a: Registeel|Registeel, L81|26/262\n|-damage|p1a: Registeel|10/262|[from] Stealth Rock\n|turn|27\n|\n|t:|1782833989\n|move|p1a: Registeel|Iron Head|p2a: Dragalge\n|-damage|p2a: Dragalge|0 fnt\n|faint|p2a: Dragalge\n|\n|upkeep\n|\n|t:|1782833995\n|switch|p2a: Diancie|Diancie, L82|78/216\n|-activate|p2a: Diancie|move: Sticky Web\n|-fail|p2a: Diancie|unboost|[from] ability: Clear Body|[of] p2a: Diancie\n|turn|28\n|\n|t:|1782833999\n|move|p2a: Diancie|Earth Power|p1a: Registeel\n|-supereffective|p1a: Registeel\n|-damage|p1a: Registeel|0 fnt\n|faint|p1a: Registeel\n|\n|-heal|p2a: Diancie|91/216|[from] item: Leftovers\n|upkeep\n|\n|t:|1782834001\n|switch|p1a: Floatzel|Floatzel, L86, M|286/286\n|-damage|p1a: Floatzel|251/286|[from] Stealth Rock\n|turn|29\n|\n|t:|1782834005\n|move|p1a: Floatzel|Bulk Up|p1a: Floatzel\n|-boost|p1a: Floatzel|atk|1\n|-boost|p1a: Floatzel|def|1\n|move|p2a: Diancie|Diamond Storm|p1a: Floatzel\n|-damage|p1a: Floatzel|157/286\n|-boost|p2a: Diancie|def|2\n|\n|-heal|p1a: Floatzel|174/286|[from] item: Leftovers\n|-heal|p2a: Diancie|104/216|[from] item: Leftovers\n|upkeep\n|turn|30\n|\n|t:|1782834007\n|move|p1a: Floatzel|Wave Crash|p2a: Diancie\n|-supereffective|p2a: Diancie\n|-damage|p2a: Diancie|0 fnt\n|faint|p2a: Diancie\n|-damage|p1a: Floatzel|140/286|[from] Recoil\n|\n|-heal|p1a: Floatzel|157/286|[from] item: Leftovers\n|upkeep\n|\n|t:|1782834010\n|switch|p2a: Feraligatr|Feraligatr, L79, M|264/264\n|-activate|p2a: Feraligatr|move: Sticky Web\n|-unboost|p2a: Feraligatr|spe|1\n|turn|31\n|\n|t:|1782834014\n|move|p1a: Floatzel|Taunt|p2a: Feraligatr\n|-start|p2a: Feraligatr|move: Taunt\n|move|p2a: Feraligatr|Trailblaze|p1a: Floatzel\n|-supereffective|p1a: Floatzel\n|-damage|p1a: Floatzel|48/286\n|\n|-heal|p1a: Floatzel|65/286|[from] item: Leftovers\n|upkeep\n|turn|32\n|\n|t:|1782834019\n|move|p1a: Floatzel|Wave Crash|p2a: Feraligatr\n|-resisted|p2a: Feraligatr\n|-damage|p2a: Feraligatr|158/264\n|-damage|p1a: Floatzel|30/286|[from] Recoil\n|move|p2a: Feraligatr|Trailblaze|p1a: Floatzel\n|-supereffective|p1a: Floatzel\n|-damage|p1a: Floatzel|0 fnt\n|faint|p1a: Floatzel\n|\n|upkeep\n|\n|t:|1782834021\n|switch|p1a: Wigglytuff|Wigglytuff, L96, M|308/424\n|-damage|p1a: Wigglytuff|255/424|[from] Stealth Rock\n|turn|33\n|\n|t:|1782834027\n|move|p1a: Wigglytuff|Protect|p1a: Wigglytuff\n|-singleturn|p1a: Wigglytuff|Protect\n|move|p2a: Feraligatr|Liquidation|p1a: Wigglytuff\n|-activate|p1a: Wigglytuff|move: Protect\n|\n|-heal|p1a: Wigglytuff|281/424|[from] item: Leftovers\n|-end|p2a: Feraligatr|move: Taunt\n|upkeep\n|turn|34\n|\n|t:|1782834029\n|move|p1a: Wigglytuff|Knock Off|p2a: Feraligatr\n|-damage|p2a: Feraligatr|96/264\n|-enditem|p2a: Feraligatr|Life Orb|[from] move: Knock Off|[of] p1a: Wigglytuff\n|move|p2a: Feraligatr|Liquidation|p1a: Wigglytuff\n|-damage|p1a: Wigglytuff|140/424\n|\n|-heal|p1a: Wigglytuff|166/424|[from] item: Leftovers\n|upkeep\n|turn|35\n|\n|t:|1782834033\n|move|p1a: Wigglytuff|Wish|p1a: Wigglytuff\n|move|p2a: Feraligatr|Liquidation|p1a: Wigglytuff\n|-damage|p1a: Wigglytuff|3/424\n|\n|-heal|p1a: Wigglytuff|29/424|[from] item: Leftovers\n|upkeep\n|turn|36\n|\n|t:|1782834038\n|move|p1a: Wigglytuff|Protect|p1a: Wigglytuff\n|-singleturn|p1a: Wigglytuff|Protect\n|move|p2a: Feraligatr|Dragon Dance|p2a: Feraligatr\n|-boost|p2a: Feraligatr|atk|1\n|-boost|p2a: Feraligatr|spe|1\n|\n|-heal|p1a: Wigglytuff|241/424|[from] move: Wish|[wisher] Wigglytuff\n|-heal|p1a: Wigglytuff|267/424|[from] item: Leftovers\n|upkeep\n|turn|37\n|\n|t:|1782834040\n|move|p2a: Feraligatr|Liquidation|p1a: Wigglytuff\n|-damage|p1a: Wigglytuff|24/424\n|move|p1a: Wigglytuff|Dazzling Gleam|p2a: Feraligatr\n|-damage|p2a: Feraligatr|0 fnt\n|faint|p2a: Feraligatr\n|\n|-heal|p1a: Wigglytuff|50/424|[from] item: Leftovers\n|upkeep\n|\n|t:|1782834044\n|switch|p2a: Sawsbuck|Sawsbuck-Autumn, L88, M|284/284\n|-activate|p2a: Sawsbuck|move: Sticky Web\n|-unboost|p2a: Sawsbuck|spe|1\n|turn|38\n|\n|t:|1782834049\n|move|p2a: Sawsbuck|Horn Leech|p1a: Wigglytuff\n|-crit|p1a: Wigglytuff\n|-damage|p1a: Wigglytuff|0 fnt\n|faint|p1a: Wigglytuff\n|-damage|p2a: Sawsbuck|256/284|[from] item: Life Orb\n|\n|upkeep\n|\n|t:|1782834051\n|switch|p1a: Rhydon|Rhydon, L85, F|317/317\n|-damage|p1a: Rhydon|298/317|[from] Stealth Rock\n|turn|39\n|\n|t:|1782834058\n|-terastallize|p1a: Rhydon|Fairy\n|move|p2a: Sawsbuck|Horn Leech|p1a: Rhydon\n|-damage|p1a: Rhydon|230/317\n|-heal|p2a: Sawsbuck|284/284|[from] drain|[of] p1a: Rhydon\n|-damage|p2a: Sawsbuck|256/284|[from] item: Life Orb\n|move|p1a: Rhydon|Megahorn|p2a: Sawsbuck\n|-supereffective|p2a: Sawsbuck\n|-damage|p2a: Sawsbuck|0 fnt\n|faint|p2a: Sawsbuck\n|\n|upkeep\n|\n|t:|1782834062\n|switch|p2a: Ting-Lu|Ting-Lu, L78, tera:Ghost|282/370\n|-activate|p2a: Ting-Lu|move: Sticky Web\n|-unboost|p2a: Ting-Lu|spe|1\n|-ability|p2a: Ting-Lu|Vessel of Ruin\n|turn|40\n|\n|t:|1782834067\n|move|p1a: Rhydon|Swords Dance|p1a: Rhydon\n|-boost|p1a: Rhydon|atk|2\n|move|p2a: Ting-Lu|Earthquake|p1a: Rhydon\n|-damage|p1a: Rhydon|175/317\n|\n|-heal|p2a: Ting-Lu|305/370|[from] item: Leftovers\n|upkeep\n|turn|41\n|\n|t:|1782834073\n|move|p1a: Rhydon|Earthquake|p2a: Ting-Lu\n|-damage|p2a: Ting-Lu|73/370\n|move|p2a: Ting-Lu|Earthquake|p1a: Rhydon\n|-damage|p1a: Rhydon|124/317\n|\n|-heal|p2a: Ting-Lu|96/370|[from] item: Leftovers\n|upkeep\n|turn|42\n|\n|t:|1782834076\n|move|p1a: Rhydon|Earthquake|p2a: Ting-Lu\n|-damage|p2a: Ting-Lu|0 fnt\n|faint|p2a: Ting-Lu\n|\n|upkeep\n|\n|t:|1782834080\n|switch|p2a: Zangoose|Zangoose, L85, F|263/263 tox\n|-activate|p2a: Zangoose|move: Sticky Web\n|-unboost|p2a: Zangoose|spe|1\n|turn|43\n|\n|t:|1782834086\n|move|p2a: Zangoose|Facade|p1a: Rhydon\n|-damage|p1a: Rhydon|0 fnt\n|faint|p1a: Rhydon\n|\n|win|bros1021\n", "inputlog": ">version f8ac14003a5f27e1bdc8d8c59608a773c1cb96e5\n>start {\"formatid\":\"gen9randombattle\",\"seed\":\"sodium,cd54a857698d05f19805692a3f44ebc3\",\"rated\":\"Rated battle\"}\n>player p1 {\"name\":\"Swiftbaby\",\"avatar\":\"riley\",\"rating\":1928,\"seed\":\"sodium,5a36d4417954e971f78647ecd869bfb5\"}\n>player p2 {\"name\":\"bros1021\",\"avatar\":\"265\",\"rating\":1956,\"seed\":\"sodium,fc4c420850c3613e5a688e433a4c771e\"}\n>p1 switch 6\n>p2 move stealthrock\n>p1 move taunt\n>p2 switch 2\n>p1 switch 5\n>p2 move dracometeor\n>p1 move irondefense\n>p2 switch 2\n>p1 move bodypress\n>p2 move whirlwind terastallize\n>p1 move stickyweb\n>p2 switch 2\n>p1 move mirrorcoat\n>p2 move dracometeor\n>p1 move mirrorcoat\n>p2 switch 6\n>p1 switch 4\n>p2 move diamondstorm\n>p1 move rest\n>p2 move earthpower\n>p1 move ironhead\n>p2 switch 2\n>p1 move ironhead\n>p2 move throatchop\n>p1 move ironhead\n>p2 move whirlwind\n>p1 move knockoff\n>p2 switch 6\n>p1 move protect\n>p2 move focusblast\n>p1 move wish\n>p2 move sludgewave\n>p1 move protect\n>p2 move sludgewave\n>p1 switch 2\n>p2 move focusblast\n>p1 move ironhead\n>p2 move flipturn\n>p2 switch 2\n>p1 switch 4\n>p2 move earthpower\n>p1 move liquidation\n>p2 move diamondstorm\n>p1 move liquidation\n>p2 move drainingkiss\n>p1 switch 6\n>p1 move sludgewave\n>p2 move earthpower\n>p1 move sludgewave\n>p2 switch 2\n>p1 move toxicspikes\n>p2 switch 4\n>p1 move focusblast\n>p2 switch 4\n>p1 switch 4\n>p1 move ironhead\n>p2 move flipturn\n>p2 switch 2\n>p1 move ironhead\n>p2 move earthpower\n>p1 switch 5\n>p1 move bulkup\n>p2 move diamondstorm\n>p1 move wavecrash\n>p2 move drainingkiss\n>p2 switch 5\n>p1 move taunt\n>p2 move trailblaze\n>p1 move wavecrash\n>p2 move trailblaze\n>p1 switch 2\n>p1 move protect\n>p2 move liquidation\n>p1 move knockoff\n>p2 move liquidation\n>p1 move wish\n>p2 move liquidation\n>p1 move protect\n>p2 move dragondance\n>p1 move dazzlinggleam\n>p2 move liquidation\n>p2 switch 3\n>p1 move knockoff\n>p2 move hornleech\n>p1 switch 3\n>p1 move megahorn terastallize\n>p2 move hornleech\n>p2 switch 6\n>p1 move swordsdance\n>p2 move earthquake\n>p1 move earthquake\n>p2 move earthquake\n>p1 move earthquake\n>p2 move earthquake\n>p2 switch 4\n>p1 move earthquake\n>p2 move facade", "uploadtime": 1782833746, "views": 5, "formatid": "gen9randombattle", "rating": null, "private": 0, "password": null, "player_dets": [{"name": "Swiftbaby", "avatar": "riley", "rating": 1928, "seed": "sodium,5a36d4417954e971f78647ecd869bfb5"}, {"name": "bros1021", "avatar": "265", "rating": 1956, "seed": "sodium,fc4c420850c3613e5a688e433a4c771e"}], "teams_full": [{"Gengar": {"name": "Gengar", "species": "Gengar", "speciesId": "gengar", "gender": "F", "shiny": false, "level": 81, "moves": ["focusblast", "sludgewave", "toxicspikes", "shadowball"], "ability": "Cursed Body", "evs": {"hp": 85, "atk": 0, "def": 85, "spa": 85, "spd": 85, "spe": 85}, "ivs": {"hp": 31, "atk": 0, "def": 31, "spa": 31, "spd": 31, "spe": 31}, "item": "Life Orb", "teraType": "Fighting", "role": "Fast Attacker", "bvs": {"hp": 60, "atk": 65, "def": 60, "spa": 130, "spd": 75, "spe": 110}, "stats": {"hp": 230, "atk": 110, "def": 144, "spa": 257, "spd": 168, "spe": 225}, "types": ["Ghost", "Poison"]}, "Wigglytuff": {"name": "Wigglytuff", "species": "Wigglytuff", "speciesId": "wigglytuff", "gender": "M", "shiny": false, "level": 96, "moves": ["protect", "wish", "dazzlinggleam", "knockoff"], "ability": "Competitive", "evs": {"hp": 85, "atk": 85, "def": 85, "spa": 85, "spd": 85, "spe": 85}, "ivs": {"hp": 31, "atk": 31, "def": 31, "spa": 31, "spd": 31, "spe": 31}, "item": "Leftovers", "teraType": "Poison", "role": "Bulky Support", "bvs": {"hp": 140, "atk": 70, "def": 45, "spa": 85, "spd": 50, "spe": 45}, "stats": {"hp": 424, "atk": 189, "def": 141, "spa": 218, "spd": 150, "spe": 141}, "types": ["Normal", "Fairy"]}, "Rhydon": {"name": "Rhydon", "species": "Rhydon", "speciesId": "rhydon", "gender": "F", "shiny": false, "level": 85, "moves": ["earthquake", "swordsdance", "megahorn", "stoneedge"], "ability": "Lightning Rod", "evs": {"hp": 85, "atk": 85, "def": 85, "spa": 85, "spd": 85, "spe": 85}, "ivs": {"hp": 31, "atk": 31, "def": 31, "spa": 31, "spd": 31, "spe": 31}, "item": "Eviolite", "teraType": "Fairy", "role": "Bulky Attacker", "bvs": {"hp": 105, "atk": 130, "def": 120, "spa": 45, "spd": 45, "spe": 40}, "stats": {"hp": 317, "atk": 270, "def": 253, "spa": 125, "spd": 125, "spe": 117}, "types": ["Ground", "Rock"]}, "Araquanid": {"name": "Araquanid", "species": "Araquanid", "speciesId": "araquanid", "gender": "F", "shiny": false, "level": 82, "moves": ["mirrorcoat", "liquidation", "leechlife", "stickyweb"], "ability": "Water Bubble", "evs": {"hp": 85, "atk": 85, "def": 85, "spa": 85, "spd": 85, "spe": 85}, "ivs": {"hp": 31, "atk": 31, "def": 31, "spa": 31, "spd": 31, "spe": 31}, "item": "Heavy-Duty Boots", "teraType": "Water", "role": "Bulky Attacker", "bvs": {"hp": 68, "atk": 70, "def": 92, "spa": 50, "spd": 132, "spe": 42}, "stats": {"hp": 246, "atk": 162, "def": 198, "spa": 129, "spd": 264, "spe": 116}, "types": ["Water", "Bug"]}, "Registeel": {"name": "Registeel", "species": "Registeel", "speciesId": "registeel", "gender": "N", "shiny": false, "level": 81, "moves": ["irondefense", "rest", "bodypress", "ironhead"], "ability": "Clear Body", "evs": {"hp": 85, "atk": 85, "def": 85, "spa": 85, "spd": 85, "spe": 85}, "ivs": {"hp": 31, "atk": 31, "def": 31, "spa": 31, "spd": 31, "spe": 31}, "item": "Chesto Berry", "teraType": "Fighting", "role": "Bulky Setup", "bvs": {"hp": 80, "atk": 75, "def": 150, "spa": 75, "spd": 150, "spe": 50}, "stats": {"hp": 262, "atk": 168, "def": 290, "spa": 168, "spd": 290, "spe": 128}, "types": ["Steel"]}, "Floatzel": {"name": "Floatzel", "species": "Floatzel", "speciesId": "floatzel", "gender": "M", "shiny": false, "level": 86, "moves": ["bulkup", "wavecrash", "taunt", "icespinner"], "ability": "Water Veil", "evs": {"hp": 85, "atk": 85, "def": 85, "spa": 85, "spd": 85, "spe": 85}, "ivs": {"hp": 31, "atk": 31, "def": 31, "spa": 31, "spd": 31, "spe": 31}, "item": "Leftovers", "teraType": "Water", "role": "Bulky Setup", "bvs": {"hp": 85, "atk": 105, "def": 55, "spa": 85, "spd": 50, "spe": 115}, "stats": {"hp": 286, "atk": 230, "def": 144, "spa": 195, "spd": 135, "spe": 247}, "types": ["Water"]}}, {"Ting-Lu": {"name": "Ting-Lu", "species": "Ting-Lu", "speciesId": "tinglu", "gender": "N", "shiny": false, "level": 78, "moves": ["earthquake", "stealthrock", "whirlwind", "throatchop"], "ability": "Vessel of Ruin", "evs": {"hp": 85, "atk": 85, "def": 85, "spa": 85, "spd": 85, "spe": 85}, "ivs": {"hp": 31, "atk": 31, "def": 31, "spa": 31, "spd": 31, "spe": 31}, "item": "Leftovers", "teraType": "Ghost", "role": "Bulky Support", "bvs": {"hp": 155, "atk": 110, "def": 125, "spa": 55, "spd": 80, "spe": 45}, "stats": {"hp": 370, "atk": 217, "def": 240, "spa": 131, "spd": 170, "spe": 115}, "types": ["Dark", "Ground"]}, "Dragalge": {"name": "Dragalge", "species": "Dragalge", "speciesId": "dragalge", "gender": "F", "shiny": false, "level": 88, "moves": ["focusblast", "dracometeor", "flipturn", "sludgewave"], "ability": "Adaptability", "evs": {"hp": 85, "atk": 85, "def": 85, "spa": 85, "spd": 85, "spe": 85}, "ivs": {"hp": 31, "atk": 31, "def": 31, "spa": 31, "spd": 31, "spe": 31}, "item": "Choice Specs", "teraType": "Fighting", "role": "Bulky Attacker", "bvs": {"hp": 65, "atk": 75, "def": 90, "spa": 97, "spd": 123, "spe": 44}, "stats": {"hp": 258, "atk": 182, "def": 209, "spa": 221, "spd": 267, "spe": 128}, "types": ["Poison", "Dragon"]}, "Sawsbuck": {"name": "Sawsbuck", "species": "Sawsbuck-Autumn", "speciesId": "sawsbuck", "gender": "M", "shiny": false, "level": 88, "moves": ["swordsdance", "highhorsepower", "doubleedge", "hornleech"], "ability": "Sap Sipper", "evs": {"hp": 85, "atk": 85, "def": 85, "spa": 85, "spd": 85, "spe": 85}, "ivs": {"hp": 31, "atk": 31, "def": 31, "spa": 31, "spd": 31, "spe": 31}, "item": "Life Orb", "teraType": "Normal", "role": "Setup Sweeper", "bvs": {"hp": 80, "atk": 100, "def": 70, "spa": 60, "spd": 70, "spe": 95}, "stats": {"hp": 284, "atk": 226, "def": 173, "spa": 156, "spd": 173, "spe": 217}, "types": ["Normal", "Grass"]}, "Zangoose": {"name": "Zangoose", "species": "Zangoose", "speciesId": "zangoose", "gender": "F", "shiny": false, "level": 85, "moves": ["facade", "knockoff", "swordsdance", "closecombat"], "ability": "Toxic Boost", "evs": {"hp": 85, "atk": 85, "def": 85, "spa": 85, "spd": 85, "spe": 85}, "ivs": {"hp": 31, "atk": 31, "def": 31, "spa": 31, "spd": 31, "spe": 31}, "item": "Toxic Orb", "teraType": "Normal", "role": "Fast Attacker", "bvs": {"hp": 73, "atk": 115, "def": 60, "spa": 60, "spd": 60, "spe": 90}, "stats": {"hp": 263, "atk": 244, "def": 151, "spa": 151, "spd": 151, "spe": 202}, "types": ["Normal"]}, "Feraligatr": {"name": "Feraligatr", "species": "Feraligatr", "speciesId": "feraligatr", "gender": "M", "shiny": false, "level": 79, "moves": ["icepunch", "trailblaze", "dragondance", "liquidation"], "ability": "Sheer Force", "evs": {"hp": 85, "atk": 85, "def": 85, "spa": 85, "spd": 85, "spe": 85}, "ivs": {"hp": 31, "atk": 31, "def": 31, "spa": 31, "spd": 31, "spe": 31}, "item": "Life Orb", "teraType": "Water", "role": "Setup Sweeper", "bvs": {"hp": 85, "atk": 105, "def": 100, "spa": 79, "spd": 83, "spe": 78}, "stats": {"hp": 264, "atk": 211, "def": 204, "spa": 170, "spd": 177, "spe": 169}, "types": ["Water"]}, "Diancie": {"name": "Diancie", "species": "Diancie", "speciesId": "diancie", "gender": "N", "shiny": false, "level": 82, "moves": ["drainingkiss", "earthpower", "diamondstorm", "calmmind"], "ability": "Clear Body", "evs": {"hp": 85, "atk": 85, "def": 85, "spa": 85, "spd": 85, "spe": 85}, "ivs": {"hp": 31, "atk": 31, "def": 31, "spa": 31, "spd": 31, "spe": 31}, "item": "Leftovers", "teraType": "Fairy", "role": "Bulky Setup", "bvs": {"hp": 50, "atk": 100, "def": 150, "spa": 100, "spd": 150, "spe": 50}, "stats": {"hp": 216, "atk": 211, "def": 293, "spa": 211, "spd": 293, "spe": 129}, "types": ["Rock", "Fairy"]}}]}