{"id": "gen9randombattle-2641418386", "format": "[Gen 9] Random Battle", "players": ["KnightsOfNi", "Astinov"], "log": "|j|\u2606KnightsOfNi\n|j|\u2606Astinov\n|t:|1782781818\n|gametype|singles\n|player|p1|KnightsOfNi|plasmagrunt-gen5bw|2147\n|player|p2|Astinov|1|2260\n|gen|9\n|tier|[Gen 9] Random Battle\n|rated|\n|rule|Species Clause: Limit one of each Pok\u00e9mon\n|rule|HP Percentage Mod: HP is shown in percentages\n|rule|Sleep Clause Mod: Limit one foe put to sleep\n|rule|Illusion Level Mod: Illusion disguises the Pok\u00e9mon's true level\n|\n|t:|1782781818\n|teamsize|p1|6\n|teamsize|p2|6\n|start\n|switch|p1a: Stonjourner|Stonjourner, L91, M|330/330\n|switch|p2a: Tropius|Tropius, L91, M|328/328\n|turn|1\n|inactive|Battle timer is ON: inactive players will automatically lose when time's up. (requested by KnightsOfNi)\n|\n|t:|1782781848\n|switch|p2a: Reuniclus|Reuniclus, L88, F|337/337\n|move|p1a: Stonjourner|Heat Crash|p2a: Reuniclus\n|-crit|p2a: Reuniclus\n|-damage|p2a: Reuniclus|99/337\n|-damage|p1a: Stonjourner|297/330|[from] item: Life Orb\n|\n|upkeep\n|turn|2\n|\n|t:|1782781865\n|move|p1a: Stonjourner|Heat Crash|p2a: Reuniclus\n|-damage|p2a: Reuniclus|0 fnt\n|faint|p2a: Reuniclus\n|-damage|p1a: Stonjourner|264/330|[from] item: Life Orb\n|\n|upkeep\n|\n|t:|1782781869\n|switch|p2a: Kyurem|Kyurem-White, L73|303/303\n|-ability|p2a: Kyurem|Turboblaze\n|turn|3\n|\n|t:|1782781886\n|switch|p1a: Snorlax|Snorlax, L82, M|397/397\n|move|p2a: Kyurem|Draco Meteor|p1a: Snorlax\n|-damage|p1a: Snorlax|190/397\n|-unboost|p2a: Kyurem|spa|2\n|\n|-heal|p1a: Snorlax|214/397|[from] item: Leftovers\n|upkeep\n|turn|4\n|\n|t:|1782781895\n|switch|p2a: Houndstone|Houndstone, L86, M|264/264\n|move|p1a: Snorlax|Body Slam|p2a: Houndstone\n|-immune|p2a: Houndstone\n|\n|-heal|p1a: Snorlax|238/397|[from] item: Leftovers\n|upkeep\n|turn|5\n|\n|t:|1782781903\n|switch|p1a: Slowbro|Slowbro, L85, F|300/300\n|move|p2a: Houndstone|Body Press|p1a: Slowbro\n|-resisted|p1a: Slowbro\n|-damage|p1a: Slowbro|277/300\n|\n|-heal|p1a: Slowbro|295/300|[from] item: Leftovers\n|upkeep\n|turn|6\n|\n|t:|1782781911\n|move|p2a: Houndstone|Poltergeist|p1a: Slowbro\n|-activate|p1a: Slowbro|move: Poltergeist|Leftovers\n|-supereffective|p1a: Slowbro\n|-damage|p1a: Slowbro|73/300\n|move|p1a: Slowbro|Scald|p2a: Houndstone\n|-damage|p2a: Houndstone|183/264\n|\n|-heal|p2a: Houndstone|199/264|[from] item: Leftovers\n|-heal|p1a: Slowbro|91/300|[from] item: Leftovers\n|upkeep\n|turn|7\n|\n|t:|1782781923\n|switch|p1a: Stonjourner|Stonjourner, L91, M|264/330\n|move|p2a: Houndstone|Body Press|p1a: Stonjourner\n|-supereffective|p1a: Stonjourner\n|-damage|p1a: Stonjourner|188/330\n|\n|-heal|p2a: Houndstone|215/264|[from] item: Leftovers\n|upkeep\n|turn|8\n|\n|t:|1782781950\n|switch|p2a: Politoed|Politoed, L88, F|302/302\n|-weather|RainDance|[from] ability: Drizzle|[of] p2a: Politoed\n|move|p1a: Stonjourner|Stealth Rock|p2a: Politoed\n|-sidestart|p2: Astinov|move: Stealth Rock\n|\n|-weather|RainDance|[upkeep]\n|upkeep\n|turn|9\n|\n|t:|1782781964\n|move|p1a: Stonjourner|Stone Edge|p2a: Politoed|[miss]\n|-miss|p1a: Stonjourner|p2a: Politoed\n|move|p2a: Politoed|Hydro Pump|p1a: Stonjourner\n|-supereffective|p1a: Stonjourner\n|-damage|p1a: Stonjourner|0 fnt\n|faint|p1a: Stonjourner\n|\n|-weather|RainDance|[upkeep]\n|upkeep\n|\n|t:|1782781985\n|switch|p1a: Altaria|Altaria, L89, M|278/278\n|turn|10\n|\n|t:|1782781990\n|move|p1a: Altaria|Brave Bird|p2a: Politoed\n|-damage|p2a: Politoed|173/302\n|-damage|p1a: Altaria|235/278|[from] Recoil\n|move|p2a: Politoed|Ice Beam|p1a: Altaria\n|-supereffective|p1a: Altaria\n|-damage|p1a: Altaria|15/278\n|\n|-weather|RainDance|[upkeep]\n|upkeep\n|turn|11\n|\n|t:|1782782004\n|move|p1a: Altaria|Brave Bird|p2a: Politoed\n|-damage|p2a: Politoed|64/302\n|-damage|p1a: Altaria|0 fnt|[from] Recoil\n|faint|p1a: Altaria\n|move|p2a: Politoed|Hydro Pump|p1: Altaria|[notarget]\n|-fail|p2a: Politoed\n|\n|-weather|RainDance|[upkeep]\n|upkeep\n|\n|t:|1782782031\n|switch|p1a: Slowbro|Slowbro, L85, F|191/300\n|turn|12\n|\n|t:|1782782039\n|move|p2a: Politoed|Rest|p2a: Politoed\n|-status|p2a: Politoed|slp|[from] move: Rest\n|-heal|p2a: Politoed|302/302 slp|[silent]\n|-enditem|p2a: Politoed|Chesto Berry|[eat]\n|-curestatus|p2a: Politoed|slp|[msg]\n|move|p1a: Slowbro|Slack Off|p1a: Slowbro\n|-heal|p1a: Slowbro|300/300\n|\n|-weather|none\n|upkeep\n|turn|13\n|\n|t:|1782782044\n|move|p2a: Politoed|Hypnosis|p1a: Slowbro\n|-status|p1a: Slowbro|slp|[from] move: Hypnosis\n|cant|p1a: Slowbro|slp\n|\n|upkeep\n|turn|14\n|\n|t:|1782782047\n|switch|p2a: Houndstone|Houndstone, L86, M|215/264\n|-damage|p2a: Houndstone|182/264|[from] Stealth Rock\n|cant|p1a: Slowbro|slp\n|\n|-heal|p2a: Houndstone|198/264|[from] item: Leftovers\n|upkeep\n|turn|15\n|\n|t:|1782782053\n|switch|p1a: Snorlax|Snorlax, L82, M|238/397\n|move|p2a: Houndstone|Body Press|p1a: Snorlax\n|-supereffective|p1a: Snorlax\n|-damage|p1a: Snorlax|76/397\n|\n|-heal|p2a: Houndstone|214/264|[from] item: Leftovers\n|-heal|p1a: Snorlax|100/397|[from] item: Leftovers\n|upkeep\n|turn|16\n|\n|t:|1782782060\n|switch|p1a: Groudon|Groudon, L72|263/263\n|-weather|SunnyDay|[from] ability: Drought|[of] p1a: Groudon\n|move|p2a: Houndstone|Body Press|p1a: Groudon\n|-damage|p1a: Groudon|213/263\n|\n|-weather|SunnyDay|[upkeep]\n|-heal|p1a: Groudon|229/263|[from] item: Leftovers\n|-heal|p2a: Houndstone|230/264|[from] item: Leftovers\n|upkeep\n|turn|17\n|\n|t:|1782782087\n|switch|p2a: Politoed|Politoed, L88, F|302/302\n|-damage|p2a: Politoed|265/302|[from] Stealth Rock\n|-weather|RainDance|[from] ability: Drizzle|[of] p2a: Politoed\n|move|p1a: Groudon|Thunder Wave|p2a: Politoed\n|-status|p2a: Politoed|par\n|\n|-weather|RainDance|[upkeep]\n|-heal|p1a: Groudon|245/263|[from] item: Leftovers\n|upkeep\n|turn|18\n|\n|t:|1782782101\n|switch|p1a: Slowbro|Slowbro, L85, F|300/300 slp\n|move|p2a: Politoed|Hydro Pump|p1a: Slowbro\n|-resisted|p1a: Slowbro\n|-damage|p1a: Slowbro|210/300 slp\n|\n|-weather|RainDance|[upkeep]\n|-heal|p1a: Slowbro|228/300 slp|[from] item: Leftovers\n|upkeep\n|turn|19\n|\n|t:|1782782107\n|-curestatus|p1a: Slowbro|slp|[msg]\n|move|p1a: Slowbro|Scald|p2a: Politoed\n|-resisted|p2a: Politoed\n|-damage|p2a: Politoed|206/302 par\n|cant|p2a: Politoed|par\n|\n|-weather|RainDance|[upkeep]\n|-heal|p1a: Slowbro|246/300|[from] item: Leftovers\n|upkeep\n|turn|20\n|\n|t:|1782782114\n|move|p1a: Slowbro|Iron Defense|p1a: Slowbro\n|-boost|p1a: Slowbro|def|2\n|move|p2a: Politoed|Rest|p2a: Politoed\n|-status|p2a: Politoed|slp|[from] move: Rest\n|-heal|p2a: Politoed|302/302 slp|[silent]\n|\n|-weather|RainDance|[upkeep]\n|-heal|p1a: Slowbro|264/300|[from] item: Leftovers\n|upkeep\n|turn|21\n|\n|t:|1782782126\n|cant|p2a: Politoed|slp\n|move|p1a: Slowbro|Iron Defense|p1a: Slowbro\n|-boost|p1a: Slowbro|def|2\n|\n|-weather|none\n|-heal|p1a: Slowbro|282/300|[from] item: Leftovers\n|upkeep\n|turn|22\n|\n|t:|1782782132\n|switch|p2a: Houndstone|Houndstone, L86, M|230/264\n|-damage|p2a: Houndstone|197/264|[from] Stealth Rock\n|move|p1a: Slowbro|Body Press|p2a: Houndstone\n|-immune|p2a: Houndstone\n|\n|-heal|p2a: Houndstone|213/264|[from] item: Leftovers\n|-heal|p1a: Slowbro|300/300|[from] item: Leftovers\n|upkeep\n|turn|23\n|\n|t:|1782782141\n|move|p2a: Houndstone|Rest|p2a: Houndstone\n|-status|p2a: Houndstone|slp|[from] move: Rest\n|-heal|p2a: Houndstone|264/264 slp|[silent]\n|move|p1a: Slowbro|Scald|p2a: Houndstone\n|-damage|p2a: Houndstone|183/264 slp\n|\n|-heal|p2a: Houndstone|199/264 slp|[from] item: Leftovers\n|upkeep\n|turn|24\n|\n|t:|1782782157\n|cant|p2a: Houndstone|slp\n|move|p2a: Houndstone|Sleep Talk|p2a: Houndstone\n|move|p2a: Houndstone|Rest||[from] move: Sleep Talk|[still]\n|-fail|p2a: Houndstone\n|move|p1a: Slowbro|Scald|p2a: Houndstone\n|-damage|p2a: Houndstone|111/264 slp\n|\n|-heal|p2a: Houndstone|127/264 slp|[from] item: Leftovers\n|upkeep\n|turn|25\n|\n|t:|1782782167\n|cant|p2a: Houndstone|slp\n|move|p2a: Houndstone|Sleep Talk|p2a: Houndstone\n|move|p2a: Houndstone|Poltergeist|p1a: Slowbro|[from] move: Sleep Talk\n|-activate|p1a: Slowbro|move: Poltergeist|Leftovers\n|-supereffective|p1a: Slowbro\n|-damage|p1a: Slowbro|232/300\n|move|p1a: Slowbro|Scald|p2a: Houndstone\n|-damage|p2a: Houndstone|51/264 slp\n|\n|-heal|p2a: Houndstone|67/264 slp|[from] item: Leftovers\n|-heal|p1a: Slowbro|250/300|[from] item: Leftovers\n|upkeep\n|turn|26\n|\n|t:|1782782187\n|-curestatus|p2a: Houndstone|slp|[msg]\n|move|p2a: Houndstone|Rest|p2a: Houndstone\n|-status|p2a: Houndstone|slp|[from] move: Rest\n|-heal|p2a: Houndstone|264/264 slp|[silent]\n|move|p1a: Slowbro|Scald|p2a: Houndstone\n|-damage|p2a: Houndstone|182/264 slp\n|\n|-heal|p2a: Houndstone|198/264 slp|[from] item: Leftovers\n|-heal|p1a: Slowbro|268/300|[from] item: Leftovers\n|upkeep\n|turn|27\n|\n|t:|1782782197\n|cant|p2a: Houndstone|slp\n|move|p2a: Houndstone|Sleep Talk|p2a: Houndstone\n|move|p2a: Houndstone|Rest||[from] move: Sleep Talk|[still]\n|-fail|p2a: Houndstone\n|move|p1a: Slowbro|Scald|p2a: Houndstone\n|-damage|p2a: Houndstone|111/264 slp\n|\n|-heal|p2a: Houndstone|127/264 slp|[from] item: Leftovers\n|-heal|p1a: Slowbro|286/300|[from] item: Leftovers\n|upkeep\n|turn|28\n|\n|t:|1782782200\n|cant|p2a: Houndstone|slp\n|move|p2a: Houndstone|Sleep Talk|p2a: Houndstone\n|move|p2a: Houndstone|Poltergeist|p1a: Slowbro|[from] move: Sleep Talk\n|-activate|p1a: Slowbro|move: Poltergeist|Leftovers\n|-supereffective|p1a: Slowbro\n|-damage|p1a: Slowbro|214/300\n|move|p1a: Slowbro|Scald|p2a: Houndstone\n|-damage|p2a: Houndstone|48/264 slp\n|\n|-heal|p2a: Houndstone|64/264 slp|[from] item: Leftovers\n|-heal|p1a: Slowbro|232/300|[from] item: Leftovers\n|upkeep\n|turn|29\n|\n|t:|1782782205\n|-curestatus|p2a: Houndstone|slp|[msg]\n|move|p2a: Houndstone|Rest|p2a: Houndstone\n|-status|p2a: Houndstone|slp|[from] move: Rest\n|-heal|p2a: Houndstone|264/264 slp|[silent]\n|move|p1a: Slowbro|Scald|p2a: Houndstone\n|-damage|p2a: Houndstone|182/264 slp\n|\n|-heal|p2a: Houndstone|198/264 slp|[from] item: Leftovers\n|-heal|p1a: Slowbro|250/300|[from] item: Leftovers\n|upkeep\n|turn|30\n|\n|t:|1782782208\n|cant|p2a: Houndstone|slp\n|move|p2a: Houndstone|Sleep Talk|p2a: Houndstone\n|move|p2a: Houndstone|Poltergeist|p1a: Slowbro|[from] move: Sleep Talk\n|-activate|p1a: Slowbro|move: Poltergeist|Leftovers\n|-supereffective|p1a: Slowbro\n|-damage|p1a: Slowbro|178/300\n|move|p1a: Slowbro|Scald|p2a: Houndstone\n|-damage|p2a: Houndstone|116/264 slp\n|\n|-heal|p2a: Houndstone|132/264 slp|[from] item: Leftovers\n|-heal|p1a: Slowbro|196/300|[from] item: Leftovers\n|upkeep\n|turn|31\n|\n|t:|1782782211\n|cant|p2a: Houndstone|slp\n|move|p2a: Houndstone|Sleep Talk|p2a: Houndstone\n|move|p2a: Houndstone|Body Press|p1a: Slowbro|[from] move: Sleep Talk\n|-resisted|p1a: Slowbro\n|-damage|p1a: Slowbro|187/300\n|move|p1a: Slowbro|Scald|p2a: Houndstone\n|-damage|p2a: Houndstone|53/264 slp\n|\n|-heal|p2a: Houndstone|69/264 slp|[from] item: Leftovers\n|-heal|p1a: Slowbro|205/300|[from] item: Leftovers\n|upkeep\n|turn|32\n|\n|t:|1782782214\n|-curestatus|p2a: Houndstone|slp|[msg]\n|move|p2a: Houndstone|Rest|p2a: Houndstone\n|-status|p2a: Houndstone|slp|[from] move: Rest\n|-heal|p2a: Houndstone|264/264 slp|[silent]\n|move|p1a: Slowbro|Scald|p2a: Houndstone\n|-damage|p2a: Houndstone|180/264 slp\n|\n|-heal|p2a: Houndstone|196/264 slp|[from] item: Leftovers\n|-heal|p1a: Slowbro|223/300|[from] item: Leftovers\n|upkeep\n|turn|33\n|\n|t:|1782782217\n|cant|p2a: Houndstone|slp\n|move|p2a: Houndstone|Sleep Talk|p2a: Houndstone\n|move|p2a: Houndstone|Body Press|p1a: Slowbro|[from] move: Sleep Talk\n|-resisted|p1a: Slowbro\n|-crit|p1a: Slowbro\n|-damage|p1a: Slowbro|183/300\n|move|p1a: Slowbro|Scald|p2a: Houndstone\n|-damage|p2a: Houndstone|118/264 slp\n|\n|-heal|p2a: Houndstone|134/264 slp|[from] item: Leftovers\n|-heal|p1a: Slowbro|201/300|[from] item: Leftovers\n|upkeep\n|turn|34\n|\n|t:|1782782221\n|cant|p2a: Houndstone|slp\n|move|p2a: Houndstone|Sleep Talk|p2a: Houndstone\n|move|p2a: Houndstone|Rest||[from] move: Sleep Talk|[still]\n|-fail|p2a: Houndstone\n|move|p1a: Slowbro|Scald|p2a: Houndstone\n|-damage|p2a: Houndstone|56/264 slp\n|\n|-heal|p2a: Houndstone|72/264 slp|[from] item: Leftovers\n|-heal|p1a: Slowbro|219/300|[from] item: Leftovers\n|upkeep\n|turn|35\n|\n|t:|1782782225\n|-curestatus|p2a: Houndstone|slp|[msg]\n|move|p2a: Houndstone|Rest|p2a: Houndstone\n|-status|p2a: Houndstone|slp|[from] move: Rest\n|-heal|p2a: Houndstone|264/264 slp|[silent]\n|move|p1a: Slowbro|Scald|p2a: Houndstone\n|-damage|p2a: Houndstone|186/264 slp\n|\n|-heal|p2a: Houndstone|202/264 slp|[from] item: Leftovers\n|-heal|p1a: Slowbro|237/300|[from] item: Leftovers\n|upkeep\n|turn|36\n|\n|t:|1782782227\n|cant|p2a: Houndstone|slp\n|move|p2a: Houndstone|Sleep Talk|p2a: Houndstone\n|move|p2a: Houndstone|Body Press|p1a: Slowbro|[from] move: Sleep Talk\n|-resisted|p1a: Slowbro\n|-damage|p1a: Slowbro|228/300\n|move|p1a: Slowbro|Scald|p2a: Houndstone\n|-damage|p2a: Houndstone|112/264 slp\n|\n|-heal|p2a: Houndstone|128/264 slp|[from] item: Leftovers\n|-heal|p1a: Slowbro|246/300|[from] item: Leftovers\n|upkeep\n|turn|37\n|\n|t:|1782782237\n|cant|p2a: Houndstone|slp\n|move|p2a: Houndstone|Sleep Talk|p2a: Houndstone\n|move|p2a: Houndstone|Body Press|p1a: Slowbro|[from] move: Sleep Talk\n|-resisted|p1a: Slowbro\n|-damage|p1a: Slowbro|238/300\n|move|p1a: Slowbro|Scald|p2a: Houndstone\n|-damage|p2a: Houndstone|43/264 slp\n|\n|-heal|p2a: Houndstone|59/264 slp|[from] item: Leftovers\n|-heal|p1a: Slowbro|256/300|[from] item: Leftovers\n|upkeep\n|turn|38\n|\n|t:|1782782239\n|-curestatus|p2a: Houndstone|slp|[msg]\n|move|p2a: Houndstone|Rest|p2a: Houndstone\n|-status|p2a: Houndstone|slp|[from] move: Rest\n|-heal|p2a: Houndstone|264/264 slp|[silent]\n|move|p1a: Slowbro|Scald|p2a: Houndstone\n|-damage|p2a: Houndstone|185/264 slp\n|\n|-heal|p2a: Houndstone|201/264 slp|[from] item: Leftovers\n|-heal|p1a: Slowbro|274/300|[from] item: Leftovers\n|upkeep\n|turn|39\n|\n|t:|1782782244\n|cant|p2a: Houndstone|slp\n|move|p2a: Houndstone|Sleep Talk|p2a: Houndstone\n|move|p2a: Houndstone|Poltergeist|p1a: Slowbro|[from] move: Sleep Talk|[miss]\n|-miss|p2a: Houndstone|p1a: Slowbro\n|move|p1a: Slowbro|Scald|p2a: Houndstone\n|-damage|p2a: Houndstone|116/264 slp\n|\n|-heal|p2a: Houndstone|132/264 slp|[from] item: Leftovers\n|-heal|p1a: Slowbro|292/300|[from] item: Leftovers\n|upkeep\n|turn|40\n|\n|t:|1782782247\n|cant|p2a: Houndstone|slp\n|move|p2a: Houndstone|Sleep Talk|p2a: Houndstone\n|move|p2a: Houndstone|Rest||[from] move: Sleep Talk|[still]\n|-fail|p2a: Houndstone\n|move|p1a: Slowbro|Scald|p2a: Houndstone\n|-damage|p2a: Houndstone|50/264 slp\n|\n|-heal|p2a: Houndstone|66/264 slp|[from] item: Leftovers\n|-heal|p1a: Slowbro|300/300|[from] item: Leftovers\n|upkeep\n|turn|41\n|\n|t:|1782782250\n|-curestatus|p2a: Houndstone|slp|[msg]\n|move|p2a: Houndstone|Rest|p2a: Houndstone\n|-status|p2a: Houndstone|slp|[from] move: Rest\n|-heal|p2a: Houndstone|264/264 slp|[silent]\n|move|p1a: Slowbro|Scald|p2a: Houndstone\n|-damage|p2a: Houndstone|185/264 slp\n|\n|-heal|p2a: Houndstone|201/264 slp|[from] item: Leftovers\n|upkeep\n|turn|42\n|\n|t:|1782782276\n|cant|p2a: Houndstone|slp\n|move|p2a: Houndstone|Sleep Talk|p2a: Houndstone\n|move|p2a: Houndstone|Rest||[from] move: Sleep Talk|[still]\n|-fail|p2a: Houndstone\n|move|p1a: Slowbro|Scald|p2a: Houndstone\n|-damage|p2a: Houndstone|114/264 slp\n|\n|-heal|p2a: Houndstone|130/264 slp|[from] item: Leftovers\n|upkeep\n|turn|43\n|\n|t:|1782782284\n|cant|p2a: Houndstone|slp\n|move|p2a: Houndstone|Sleep Talk|p2a: Houndstone\n|move|p2a: Houndstone|Rest||[from] move: Sleep Talk|[still]\n|-fail|p2a: Houndstone\n|move|p1a: Slowbro|Scald|p2a: Houndstone\n|-damage|p2a: Houndstone|46/264 slp\n|\n|-heal|p2a: Houndstone|62/264 slp|[from] item: Leftovers\n|upkeep\n|turn|44\n|\n|t:|1782782297\n|-curestatus|p2a: Houndstone|slp|[msg]\n|move|p2a: Houndstone|Rest|p2a: Houndstone\n|-status|p2a: Houndstone|slp|[from] move: Rest\n|-heal|p2a: Houndstone|264/264 slp|[silent]\n|move|p1a: Slowbro|Iron Defense|p1a: Slowbro\n|-boost|p1a: Slowbro|def|2\n|\n|upkeep\n|turn|45\n|\n|t:|1782782304\n|cant|p2a: Houndstone|slp\n|move|p1a: Slowbro|Body Press|p2a: Houndstone\n|-immune|p2a: Houndstone\n|\n|upkeep\n|turn|46\n|\n|t:|1782782313\n|cant|p2a: Houndstone|slp\n|move|p1a: Slowbro|Body Press|p2a: Houndstone\n|-immune|p2a: Houndstone\n|\n|upkeep\n|turn|47\n|\n|t:|1782782331\n|-curestatus|p2a: Houndstone|slp|[msg]\n|move|p2a: Houndstone|Sleep Talk||[still]\n|-fail|p2a: Houndstone\n|move|p1a: Slowbro|Body Press|p2a: Houndstone\n|-immune|p2a: Houndstone\n|\n|upkeep\n|turn|48\n|\n|t:|1782782341\n|move|p2a: Houndstone|Poltergeist|p1a: Slowbro\n|-activate|p1a: Slowbro|move: Poltergeist|Leftovers\n|-supereffective|p1a: Slowbro\n|-damage|p1a: Slowbro|244/300\n|move|p1a: Slowbro|Scald|p2a: Houndstone\n|-damage|p2a: Houndstone|188/264\n|\n|-heal|p2a: Houndstone|204/264|[from] item: Leftovers\n|-heal|p1a: Slowbro|262/300|[from] item: Leftovers\n|upkeep\n|turn|49\n|\n|t:|1782782355\n|move|p2a: Houndstone|Body Press|p1a: Slowbro\n|-resisted|p1a: Slowbro\n|-damage|p1a: Slowbro|255/300\n|move|p1a: Slowbro|Iron Defense|p1a: Slowbro\n|-boost|p1a: Slowbro|def|0\n|\n|-heal|p2a: Houndstone|220/264|[from] item: Leftovers\n|-heal|p1a: Slowbro|273/300|[from] item: Leftovers\n|upkeep\n|turn|50\n|\n|t:|1782782359\n|move|p2a: Houndstone|Poltergeist|p1a: Slowbro\n|-activate|p1a: Slowbro|move: Poltergeist|Leftovers\n|-supereffective|p1a: Slowbro\n|-damage|p1a: Slowbro|223/300\n|move|p1a: Slowbro|Iron Defense|p1a: Slowbro\n|-boost|p1a: Slowbro|def|0\n|\n|-heal|p2a: Houndstone|236/264|[from] item: Leftovers\n|-heal|p1a: Slowbro|241/300|[from] item: Leftovers\n|upkeep\n|turn|51\n|inactive|Astinov has 120 seconds left.\n|\n|t:|1782782410\n|switch|p2a: Tropius|Tropius, L91, M|328/328\n|-damage|p2a: Tropius|246/328|[from] Stealth Rock\n|move|p1a: Slowbro|Body Press|p2a: Tropius\n|-resisted|p2a: Tropius\n|-damage|p2a: Tropius|113/328\n|-enditem|p2a: Tropius|Sitrus Berry|[eat]\n|-heal|p2a: Tropius|195/328|[from] item: Sitrus Berry\n|\n|-heal|p1a: Slowbro|259/300|[from] item: Leftovers\n|upkeep\n|turn|52\n|inactive|Astinov has 90 seconds left.\n|\n|t:|1782782446\n|move|p2a: Tropius|Synthesis|p2a: Tropius\n|-heal|p2a: Tropius|328/328\n|move|p1a: Slowbro|Body Press|p2a: Tropius\n|-resisted|p2a: Tropius\n|-damage|p2a: Tropius|203/328\n|\n|-heal|p1a: Slowbro|277/300|[from] item: Leftovers\n|upkeep\n|turn|53\n|\n|t:|1782782452\n|move|p2a: Tropius|Dragon Dance|p2a: Tropius\n|-boost|p2a: Tropius|atk|1\n|-boost|p2a: Tropius|spe|1\n|move|p1a: Slowbro|Body Press|p2a: Tropius\n|-resisted|p2a: Tropius\n|-damage|p2a: Tropius|73/328\n|\n|-heal|p1a: Slowbro|295/300|[from] item: Leftovers\n|upkeep\n|turn|54\n|\n|t:|1782782456\n|move|p2a: Tropius|Synthesis|p2a: Tropius\n|-heal|p2a: Tropius|237/328\n|move|p1a: Slowbro|Body Press|p2a: Tropius\n|-resisted|p2a: Tropius\n|-damage|p2a: Tropius|114/328\n|\n|-heal|p1a: Slowbro|300/300|[from] item: Leftovers\n|upkeep\n|turn|55\n|inactive|Astinov has 90 seconds left.\n|\n|t:|1782782480\n|move|p2a: Tropius|Synthesis|p2a: Tropius\n|-heal|p2a: Tropius|278/328\n|move|p1a: Slowbro|Body Press|p2a: Tropius\n|-resisted|p2a: Tropius\n|-damage|p2a: Tropius|147/328\n|\n|upkeep\n|turn|56\n|\n|t:|1782782487\n|move|p2a: Tropius|Synthesis|p2a: Tropius\n|-heal|p2a: Tropius|311/328\n|move|p1a: Slowbro|Body Press|p2a: Tropius\n|-resisted|p2a: Tropius\n|-damage|p2a: Tropius|197/328\n|\n|-item|p2a: Tropius|Sitrus Berry|[from] ability: Harvest\n|upkeep\n|turn|57\n|inactive|Astinov has 90 seconds left.\n|\n|t:|1782782495\n|move|p2a: Tropius|Dragon Dance|p2a: Tropius\n|-boost|p2a: Tropius|atk|1\n|-boost|p2a: Tropius|spe|1\n|move|p1a: Slowbro|Body Press|p2a: Tropius\n|-resisted|p2a: Tropius\n|-damage|p2a: Tropius|79/328\n|-enditem|p2a: Tropius|Sitrus Berry|[eat]\n|-heal|p2a: Tropius|161/328|[from] item: Sitrus Berry\n|\n|-item|p2a: Tropius|Sitrus Berry|[from] ability: Harvest\n|upkeep\n|-enditem|p2a: Tropius|Sitrus Berry|[eat]\n|-heal|p2a: Tropius|243/328|[from] item: Sitrus Berry\n|turn|58\n|\n|t:|1782782499\n|move|p2a: Tropius|Dragon Dance|p2a: Tropius\n|-boost|p2a: Tropius|atk|1\n|-boost|p2a: Tropius|spe|1\n|move|p1a: Slowbro|Body Press|p2a: Tropius\n|-resisted|p2a: Tropius\n|-damage|p2a: Tropius|117/328\n|\n|-item|p2a: Tropius|Sitrus Berry|[from] ability: Harvest\n|upkeep\n|-enditem|p2a: Tropius|Sitrus Berry|[eat]\n|-heal|p2a: Tropius|199/328|[from] item: Sitrus Berry\n|turn|59\n|\n|t:|1782782503\n|move|p2a: Tropius|Dual Wingbeat|p1a: Slowbro\n|-damage|p1a: Slowbro|279/300\n|-damage|p1a: Slowbro|260/300\n|-hitcount|p1a: Slowbro|2\n|move|p1a: Slowbro|Body Press|p2a: Tropius\n|-resisted|p2a: Tropius\n|-damage|p2a: Tropius|84/328\n|\n|-heal|p1a: Slowbro|278/300|[from] item: Leftovers\n|upkeep\n|turn|60\n|\n|t:|1782782521\n|move|p2a: Tropius|Synthesis|p2a: Tropius\n|-heal|p2a: Tropius|248/328\n|move|p1a: Slowbro|Body Press|p2a: Tropius\n|-resisted|p2a: Tropius\n|-damage|p2a: Tropius|123/328\n|\n|-heal|p1a: Slowbro|296/300|[from] item: Leftovers\n|-item|p2a: Tropius|Sitrus Berry|[from] ability: Harvest\n|upkeep\n|-enditem|p2a: Tropius|Sitrus Berry|[eat]\n|-heal|p2a: Tropius|205/328|[from] item: Sitrus Berry\n|turn|61\n|\n|t:|1782782528\n|move|p2a: Tropius|Dragon Dance|p2a: Tropius\n|-boost|p2a: Tropius|atk|1\n|-boost|p2a: Tropius|spe|1\n|move|p1a: Slowbro|Body Press|p2a: Tropius\n|-resisted|p2a: Tropius\n|-damage|p2a: Tropius|76/328\n|\n|-heal|p1a: Slowbro|300/300|[from] item: Leftovers\n|upkeep\n|turn|62\n|\n|t:|1782782530\n|move|p2a: Tropius|Synthesis|p2a: Tropius\n|-heal|p2a: Tropius|240/328\n|move|p1a: Slowbro|Body Press|p2a: Tropius\n|-resisted|p2a: Tropius\n|-damage|p2a: Tropius|126/328\n|\n|upkeep\n|turn|63\n|\n|t:|1782782542\n|switch|p1a: Scizor|Scizor, L79, M|240/240\n|move|p2a: Tropius|Synthesis|p2a: Tropius\n|-heal|p2a: Tropius|290/328\n|\n|-item|p2a: Tropius|Sitrus Berry|[from] ability: Harvest\n|upkeep\n|turn|64\n|inactive|Astinov has 120 seconds left.\n|inactive|Astinov has 90 seconds left.\n|\n|t:|1782782602\n|-terastallize|p2a: Tropius|Ground\n|-terastallize|p1a: Scizor|Steel\n|move|p1a: Scizor|Bullet Punch|p2a: Tropius\n|-damage|p2a: Tropius|142/328\n|-enditem|p2a: Tropius|Sitrus Berry|[eat]\n|-heal|p2a: Tropius|224/328|[from] item: Sitrus Berry\n|move|p2a: Tropius|Earthquake|p1a: Scizor\n|-supereffective|p1a: Scizor\n|-damage|p1a: Scizor|0 fnt\n|faint|p1a: Scizor\n|\n|-item|p2a: Tropius|Sitrus Berry|[from] ability: Harvest\n|upkeep\n|-message|KnightsOfNi forfeited.\n|\n|win|Astinov\n|raw|KnightsOfNi's rating: 2147 &rarr; <strong>2134</strong><br />(-13 for losing)\n|raw|Astinov's rating: 2277 &rarr; <strong>2290</strong><br />(+13 for winning)\n", "inputlog": ">version f8ac14003a5f27e1bdc8d8c59608a773c1cb96e5\n>start {\"formatid\":\"gen9randombattle\",\"seed\":\"sodium,2f8aa97fe9b3ad9a1056adc637569ae9\",\"rated\":\"Rated battle\"}\n>player p1 {\"name\":\"KnightsOfNi\",\"avatar\":\"plasmagrunt-gen5bw\",\"rating\":2147,\"seed\":\"sodium,d6782155272ea63cd6423d9903aa1691\"}\n>player p2 {\"name\":\"Astinov\",\"avatar\":\"1\",\"rating\":2260,\"seed\":\"sodium,b727c58a2cc669f67af87299280d6baa\"}\n>p1 move heatcrash\n>p2 switch 2\n>p1 move heatcrash\n>p2 move psychic\n>p2 switch 6\n>p1 switch 4\n>p2 move dracometeor\n>p1 move bodyslam\n>p2 switch 5\n>p1 switch 6\n>p2 move bodypress\n>p1 move scald\n>p2 move poltergeist\n>p1 switch 4\n>p2 move bodypress\n>p1 move stealthrock\n>p2 switch 4\n>p1 move stoneedge\n>p2 move hydropump\n>p1 switch 2\n>p1 move bravebird\n>p2 move icebeam\n>p1 move bravebird\n>p2 move hydropump\n>p1 switch 4\n>p1 move slackoff\n>p2 move rest\n>p1 move irondefense\n>p2 move hypnosis\n>p1 move irondefense\n>p2 switch 4\n>p1 switch 6\n>p2 move bodypress\n>p1 switch 3\n>p2 move bodypress\n>p1 move thunderwave\n>p2 switch 4\n>p1 switch 6\n>p2 move hydropump\n>p1 move scald\n>p2 move hydropump\n>p1 move irondefense\n>p2 move rest\n>p1 move irondefense\n>p2 move hydropump\n>p1 move bodypress\n>p2 switch 4\n>p1 move scald\n>p2 move rest\n>p1 move scald\n>p2 move sleeptalk\n>p1 move scald\n>p2 move sleeptalk\n>p1 move scald\n>p2 move rest\n>p1 move scald\n>p2 move sleeptalk\n>p1 move scald\n>p2 move sleeptalk\n>p1 move scald\n>p2 move rest\n>p1 move scald\n>p2 move sleeptalk\n>p1 move scald\n>p2 move sleeptalk\n>p1 move scald\n>p2 move rest\n>p1 move scald\n>p2 move sleeptalk\n>p1 move scald\n>p2 move sleeptalk\n>p1 move scald\n>p2 move rest\n>p1 move scald\n>p2 move sleeptalk\n>p1 move scald\n>p2 move sleeptalk\n>p1 move scald\n>p2 move rest\n>p1 move scald\n>p2 move sleeptalk\n>p1 move scald\n>p2 move sleeptalk\n>p1 move scald\n>p2 move rest\n>p1 move scald\n>p2 move sleeptalk\n>p1 move scald\n>p2 move sleeptalk\n>p1 move irondefense\n>p2 move rest\n>p1 move bodypress\n>p2 move bodypress\n>p1 move bodypress\n>p2 move bodypress\n>p1 move bodypress\n>p2 move sleeptalk\n>p1 move scald\n>p2 move poltergeist\n>p1 move irondefense\n>p2 move bodypress\n>p1 move irondefense\n>p2 move poltergeist\n>p1 move bodypress\n>p2 switch 2\n>p1 move bodypress\n>p2 move synthesis\n>p1 move bodypress\n>p2 move dragondance\n>p1 move bodypress\n>p2 move synthesis\n>p1 move bodypress\n>p2 move synthesis\n>p1 move bodypress\n>p2 move synthesis\n>p1 move bodypress\n>p2 move dragondance\n>p1 move bodypress\n>p2 move dragondance\n>p1 move bodypress\n>p2 move dualwingbeat\n>p1 move bodypress\n>p2 move synthesis\n>p1 move bodypress\n>p2 move dragondance\n>p1 move bodypress\n>p2 move synthesis\n>p1 switch 5\n>p2 move synthesis\n>p1 move bulletpunch terastallize\n>p2 move earthquake terastallize\n>forcelose p1", "uploadtime": 1782781820, "views": 5, "formatid": "gen9randombattle", "rating": 2134, "private": 0, "password": null, "player_dets": [{"name": "KnightsOfNi", "avatar": "plasmagrunt-gen5bw", "rating": 2147, "seed": "sodium,d6782155272ea63cd6423d9903aa1691"}, {"name": "Astinov", "avatar": "1", "rating": 2260, "seed": "sodium,b727c58a2cc669f67af87299280d6baa"}], "teams_full": [{"Stonjourner": {"name": "Stonjourner", "species": "Stonjourner", "speciesId": "stonjourner", "gender": "M", "shiny": false, "level": 91, "moves": ["earthquake", "stoneedge", "heatcrash", "stealthrock"], "ability": "Power Spot", "evs": {"hp": 85, "atk": 85, "def": 85, "spa": 85, "spd": 85, "spe": 85}, "ivs": {"hp": 31, "atk": 31, "def": 31, "spa": 31, "spd": 31, "spe": 31}, "item": "Life Orb", "teraType": "Ground", "role": "Fast Attacker", "bvs": {"hp": 100, "atk": 125, "def": 135, "spa": 20, "spd": 20, "spe": 70}, "stats": {"hp": 330, "atk": 279, "def": 298, "spa": 88, "spd": 88, "spe": 179}, "types": ["Rock"]}, "Altaria": {"name": "Altaria", "species": "Altaria", "speciesId": "altaria", "gender": "M", "shiny": false, "level": 89, "moves": ["earthquake", "bravebird", "roost", "defog"], "ability": "Natural Cure", "evs": {"hp": 85, "atk": 85, "def": 85, "spa": 85, "spd": 85, "spe": 85}, "ivs": {"hp": 31, "atk": 31, "def": 31, "spa": 31, "spd": 31, "spe": 31}, "item": "Heavy-Duty Boots", "teraType": "Steel", "role": "Bulky Support", "bvs": {"hp": 75, "atk": 70, "def": 90, "spa": 70, "spd": 105, "spe": 80}, "stats": {"hp": 278, "atk": 175, "def": 211, "spa": 175, "spd": 238, "spe": 193}, "types": ["Dragon", "Flying"]}, "Groudon": {"name": "Groudon", "species": "Groudon", "speciesId": "groudon", "gender": "N", "shiny": false, "level": 72, "moves": ["heatcrash", "precipiceblades", "thunderwave", "swordsdance"], "ability": "Drought", "evs": {"hp": 85, "atk": 85, "def": 85, "spa": 85, "spd": 85, "spe": 85}, "ivs": {"hp": 31, "atk": 31, "def": 31, "spa": 31, "spd": 31, "spe": 31}, "item": "Leftovers", "teraType": "Fire", "role": "Bulky Setup", "bvs": {"hp": 100, "atk": 150, "def": 140, "spa": 100, "spd": 90, "spe": 90}, "stats": {"hp": 263, "atk": 258, "def": 244, "spa": 186, "spd": 172, "spe": 172}, "types": ["Ground"]}, "Snorlax": {"name": "Snorlax", "species": "Snorlax", "speciesId": "snorlax", "gender": "M", "shiny": false, "level": 82, "moves": ["bodyslam", "sleeptalk", "rest", "curse"], "ability": "Thick Fat", "evs": {"hp": 85, "atk": 85, "def": 85, "spa": 85, "spd": 85, "spe": 85}, "ivs": {"hp": 31, "atk": 31, "def": 31, "spa": 31, "spd": 31, "spe": 31}, "item": "Leftovers", "teraType": "Poison", "role": "Bulky Attacker", "bvs": {"hp": 160, "atk": 110, "def": 65, "spa": 65, "spd": 110, "spe": 30}, "stats": {"hp": 397, "atk": 228, "def": 154, "spa": 154, "spd": 228, "spe": 96}, "types": ["Normal"]}, "Scizor": {"name": "Scizor", "species": "Scizor", "speciesId": "scizor", "gender": "M", "shiny": false, "level": 79, "moves": ["knockoff", "closecombat", "bulletpunch", "uturn"], "ability": "Technician", "evs": {"hp": 85, "atk": 85, "def": 85, "spa": 85, "spd": 85, "spe": 85}, "ivs": {"hp": 31, "atk": 31, "def": 31, "spa": 31, "spd": 31, "spe": 31}, "item": "Choice Band", "teraType": "Steel", "role": "Wallbreaker", "bvs": {"hp": 70, "atk": 130, "def": 100, "spa": 55, "spd": 80, "spe": 65}, "stats": {"hp": 240, "atk": 251, "def": 204, "spa": 132, "spd": 172, "spe": 148}, "types": ["Bug", "Steel"]}, "Slowbro": {"name": "Slowbro", "species": "Slowbro", "speciesId": "slowbro", "gender": "F", "shiny": false, "level": 85, "moves": ["slackoff", "scald", "irondefense", "bodypress"], "ability": "Regenerator", "evs": {"hp": 85, "atk": 0, "def": 85, "spa": 85, "spd": 85, "spe": 85}, "ivs": {"hp": 31, "atk": 0, "def": 31, "spa": 31, "spd": 31, "spe": 31}, "item": "Leftovers", "teraType": "Fighting", "role": "Bulky Setup", "bvs": {"hp": 95, "atk": 75, "def": 110, "spa": 100, "spd": 80, "spe": 30}, "stats": {"hp": 300, "atk": 132, "def": 236, "spa": 219, "spd": 185, "spe": 100}, "types": ["Water", "Psychic"]}}, {"Tropius": {"name": "Tropius", "species": "Tropius", "speciesId": "tropius", "gender": "M", "shiny": false, "level": 91, "moves": ["dragondance", "earthquake", "synthesis", "dualwingbeat"], "ability": "Harvest", "evs": {"hp": 85, "atk": 85, "def": 85, "spa": 85, "spd": 85, "spe": 85}, "ivs": {"hp": 31, "atk": 31, "def": 31, "spa": 31, "spd": 31, "spe": 31}, "item": "Sitrus Berry", "teraType": "Ground", "role": "Setup Sweeper", "bvs": {"hp": 99, "atk": 68, "def": 83, "spa": 72, "spd": 87, "spe": 51}, "stats": {"hp": 328, "atk": 176, "def": 203, "spa": 183, "spd": 210, "spe": 145}, "types": ["Grass", "Flying"]}, "Reuniclus": {"name": "Reuniclus", "species": "Reuniclus", "speciesId": "reuniclus", "gender": "F", "shiny": false, "level": 88, "moves": ["focusblast", "calmmind", "psychic", "recover"], "ability": "Magic Guard", "evs": {"hp": 85, "atk": 0, "def": 85, "spa": 85, "spd": 85, "spe": 85}, "ivs": {"hp": 31, "atk": 0, "def": 31, "spa": 31, "spd": 31, "spe": 31}, "item": "Life Orb", "teraType": "Steel", "role": "Bulky Setup", "bvs": {"hp": 110, "atk": 65, "def": 75, "spa": 125, "spd": 85, "spe": 30}, "stats": {"hp": 337, "atk": 119, "def": 182, "spa": 270, "spd": 200, "spe": 103}, "types": ["Psychic"]}, "Zamazenta": {"name": "Zamazenta", "species": "Zamazenta", "speciesId": "zamazentacrowned", "gender": "N", "shiny": false, "level": 68, "moves": ["stoneedge", "heavyslam", "irondefense", "bodypress"], "ability": "Dauntless Shield", "evs": {"hp": 85, "atk": 85, "def": 85, "spa": 85, "spd": 85, "spe": 85}, "ivs": {"hp": 31, "atk": 31, "def": 31, "spa": 31, "spd": 31, "spe": 31}, "item": "Rusted Shield", "teraType": "Ghost", "role": "Bulky Setup", "bvs": {"hp": 92, "atk": 120, "def": 140, "spa": 80, "spd": 140, "spe": 128}, "stats": {"hp": 238, "atk": 203, "def": 230, "spa": 149, "spd": 230, "spe": 214}, "types": ["Fighting", "Steel"]}, "Politoed": {"name": "Politoed", "species": "Politoed", "speciesId": "politoed", "gender": "F", "shiny": false, "level": 88, "moves": ["rest", "icebeam", "hydropump", "hypnosis"], "ability": "Drizzle", "evs": {"hp": 85, "atk": 0, "def": 85, "spa": 85, "spd": 85, "spe": 85}, "ivs": {"hp": 31, "atk": 0, "def": 31, "spa": 31, "spd": 31, "spe": 31}, "item": "Chesto Berry", "teraType": "Water", "role": "Bulky Attacker", "bvs": {"hp": 90, "atk": 75, "def": 75, "spa": 90, "spd": 100, "spe": 70}, "stats": {"hp": 302, "atk": 137, "def": 182, "spa": 209, "spd": 226, "spe": 173}, "types": ["Water"]}, "Houndstone": {"name": "Houndstone", "species": "Houndstone", "speciesId": "houndstone", "gender": "M", "shiny": false, "level": 86, "moves": ["bodypress", "sleeptalk", "poltergeist", "rest"], "ability": "Fluffy", "evs": {"hp": 85, "atk": 85, "def": 85, "spa": 85, "spd": 85, "spe": 85}, "ivs": {"hp": 31, "atk": 31, "def": 31, "spa": 31, "spd": 31, "spe": 31}, "item": "Leftovers", "teraType": "Fighting", "role": "Bulky Support", "bvs": {"hp": 72, "atk": 101, "def": 100, "spa": 50, "spd": 97, "spe": 68}, "stats": {"hp": 264, "atk": 223, "def": 221, "spa": 135, "spd": 216, "spe": 166}, "types": ["Ghost"]}, "Kyurem": {"name": "Kyurem", "species": "Kyurem-White", "speciesId": "kyuremwhite", "gender": "N", "shiny": false, "level": 73, "moves": ["freezedry", "icebeam", "dracometeor", "fusionflare"], "ability": "Turboblaze", "evs": {"hp": 85, "atk": 0, "def": 85, "spa": 85, "spd": 85, "spe": 85}, "ivs": {"hp": 31, "atk": 0, "def": 31, "spa": 31, "spd": 31, "spe": 31}, "item": "Choice Specs", "teraType": "Ice", "role": "Bulky Attacker", "bvs": {"hp": 125, "atk": 120, "def": 90, "spa": 170, "spd": 100, "spe": 95}, "stats": {"hp": 303, "atk": 180, "def": 174, "spa": 291, "spd": 188, "spe": 181}, "types": ["Dragon", "Ice"]}}]}