{"id": "gen9randombattle-2641510372", "format": "[Gen 9] Random Battle", "players": ["steveve444", "Shuu0908"], "log": "|j|\u2606steveve444\n|j|\u2606Shuu0908\n|t:|1782797461\n|gametype|singles\n|player|p1|steveve444|169|1490\n|player|p2|Shuu0908|n|1525\n|gen|9\n|tier|[Gen 9] Random Battle\n|rated|\n|rule|Species Clause: Limit one of each Pok\u00e9mon\n|rule|HP Percentage Mod: HP is shown in percentages\n|rule|Sleep Clause Mod: Limit one foe put to sleep\n|rule|Illusion Level Mod: Illusion disguises the Pok\u00e9mon's true level\n|\n|t:|1782797461\n|teamsize|p1|6\n|teamsize|p2|6\n|start\n|switch|p1a: Sableye|Sableye, L88, M|231/231\n|switch|p2a: Toxapex|Toxapex, L82, F|216/216\n|turn|1\n|inactive|Battle timer is ON: inactive players will automatically lose when time's up. (requested by Shuu0908)\n|l|\u2606Shuu0908\n|inactive|Shuu0908 disconnected and has a minute to reconnect!\n|player|p2|\n|\n|t:|1782797477\n|move|p1a: Sableye|Knock Off|p2a: Toxapex\n|-damage|p2a: Toxapex|158/216\n|-enditem|p2a: Toxapex|Leftovers|[from] move: Knock Off|[of] p1a: Sableye\n|move|p2a: Toxapex|Toxic|p1a: Sableye\n|-status|p1a: Sableye|tox\n|\n|-damage|p1a: Sableye|217/231 tox|[from] psn\n|upkeep\n|turn|2\n|j|\u2606Shuu0908\n|inactive|Shuu0908 reconnected and has 145 seconds left.\n|player|p2|Shuu0908|n|\n|\n|t:|1782797491\n|move|p1a: Sableye|Will-O-Wisp|p2a: Toxapex\n|-status|p2a: Toxapex|brn\n|move|p2a: Toxapex|Liquidation|p1a: Sableye\n|-damage|p1a: Sableye|181/231 tox\n|\n|-heal|p1a: Sableye|195/231 tox|[from] item: Leftovers\n|-damage|p1a: Sableye|167/231 tox|[from] psn\n|-damage|p2a: Toxapex|145/216 brn|[from] brn\n|upkeep\n|turn|3\n|\n|t:|1782797507\n|switch|p1a: Eelektross|Eelektross, L87, F|290/290\n|move|p2a: Toxapex|Recover|p2a: Toxapex\n|-heal|p2a: Toxapex|216/216 brn\n|\n|-damage|p2a: Toxapex|203/216 brn|[from] brn\n|upkeep\n|turn|4\n|\n|t:|1782797517\n|move|p1a: Eelektross|Coil|p1a: Eelektross\n|-boost|p1a: Eelektross|atk|1\n|-boost|p1a: Eelektross|def|1\n|-boost|p1a: Eelektross|accuracy|1\n|move|p2a: Toxapex|Toxic|p1a: Eelektross\n|-status|p1a: Eelektross|tox\n|\n|-damage|p1a: Eelektross|272/290 tox|[from] psn\n|-damage|p2a: Toxapex|190/216 brn|[from] brn\n|upkeep\n|turn|5\n|\n|t:|1782797532\n|switch|p2a: Piloswine|Piloswine, L85, F|309/309\n|move|p1a: Eelektross|Supercell Slam|p2a: Piloswine\n|-immune|p2a: Piloswine\n|-damage|p1a: Eelektross|127/290 tox|[from] supercellslam\n|\n|-heal|p1a: Eelektross|145/290 tox|[from] item: Leftovers\n|-damage|p1a: Eelektross|109/290 tox|[from] psn\n|upkeep\n|turn|6\n|\n|t:|1782797548\n|-terastallize|p1a: Eelektross|Fighting\n|move|p1a: Eelektross|Drain Punch|p2a: Piloswine\n|-supereffective|p2a: Piloswine\n|-damage|p2a: Piloswine|105/309\n|-heal|p1a: Eelektross|211/290 tox|[from] drain|[of] p2a: Piloswine\n|move|p2a: Piloswine|Icicle Crash|p1a: Eelektross\n|-damage|p1a: Eelektross|147/290 tox\n|\n|-heal|p1a: Eelektross|165/290 tox|[from] item: Leftovers\n|-damage|p1a: Eelektross|111/290 tox|[from] psn\n|upkeep\n|turn|7\n|\n|t:|1782797564\n|switch|p2a: Toxapex|Toxapex, L82, F|216/216 brn\n|move|p1a: Eelektross|Drain Punch|p2a: Toxapex\n|-resisted|p2a: Toxapex\n|-damage|p2a: Toxapex|170/216 brn\n|-heal|p1a: Eelektross|134/290 tox|[from] drain|[of] p2a: Toxapex\n|\n|-heal|p1a: Eelektross|152/290 tox|[from] item: Leftovers\n|-damage|p1a: Eelektross|80/290 tox|[from] psn\n|-damage|p2a: Toxapex|157/216 brn|[from] brn\n|upkeep\n|turn|8\n|inactive|steveve444 has 120 seconds left.\n|\n|t:|1782797584\n|move|p1a: Eelektross|Drain Punch|p2a: Toxapex\n|-resisted|p2a: Toxapex\n|-damage|p2a: Toxapex|112/216 brn\n|-heal|p1a: Eelektross|103/290 tox|[from] drain|[of] p2a: Toxapex\n|move|p2a: Toxapex|Recover|p2a: Toxapex\n|-heal|p2a: Toxapex|216/216 brn\n|\n|-heal|p1a: Eelektross|121/290 tox|[from] item: Leftovers\n|-damage|p1a: Eelektross|31/290 tox|[from] psn\n|-damage|p2a: Toxapex|203/216 brn|[from] brn\n|upkeep\n|turn|9\n|inactive|steveve444 has 120 seconds left.\n|\n|t:|1782797599\n|switch|p2a: Piloswine|Piloswine, L85, F|105/309\n|move|p1a: Eelektross|Supercell Slam|p2a: Piloswine\n|-immune|p2a: Piloswine\n|-damage|p1a: Eelektross|0 fnt|[from] supercellslam\n|faint|p1a: Eelektross\n|\n|upkeep\n|inactive|steveve444 has 120 seconds left.\n|\n|t:|1782797613\n|switch|p1a: Samurott|Samurott, L88, M|310/310\n|turn|10\n|inactive|steveve444 has 120 seconds left.\n|\n|t:|1782797620\n|move|p1a: Samurott|Grass Knot|p2a: Piloswine\n|-supereffective|p2a: Piloswine\n|-damage|p2a: Piloswine|0 fnt\n|faint|p2a: Piloswine\n|\n|upkeep\n|\n|t:|1782797626\n|switch|p2a: Toxapex|Toxapex, L82, F|216/216 brn\n|turn|11\n|\n|t:|1782797629\n|switch|p1a: Sableye|Sableye, L88, M|167/231 tox\n|move|p2a: Toxapex|Toxic|p1a: Sableye\n|-fail|p1a: Sableye|tox\n|\n|-heal|p1a: Sableye|181/231 tox|[from] item: Leftovers\n|-damage|p1a: Sableye|167/231 tox|[from] psn\n|-damage|p2a: Toxapex|203/216 brn|[from] brn\n|upkeep\n|turn|12\n|\n|t:|1782797641\n|move|p1a: Sableye|Encore|p2a: Toxapex\n|-start|p2a: Toxapex|Encore\n|move|p2a: Toxapex|Toxic|p1a: Sableye\n|-fail|p1a: Sableye|tox\n|\n|-heal|p1a: Sableye|181/231 tox|[from] item: Leftovers\n|-damage|p1a: Sableye|153/231 tox|[from] psn\n|-damage|p2a: Toxapex|190/216 brn|[from] brn\n|upkeep\n|turn|13\n|l|\u2606Shuu0908\n|inactive|Shuu0908 disconnected and has a minute to reconnect!\n|player|p2|\n|j|\u2606Shuu0908\n|inactive|Shuu0908 reconnected and has 135 seconds left.\n|player|p2|Shuu0908|n|\n|\n|t:|1782797666\n|switch|p2a: Wyrdeer|Wyrdeer, L87, M|321/321\n|-ability|p2a: Wyrdeer|Intimidate|boost\n|-unboost|p1a: Sableye|atk|1\n|move|p1a: Sableye|Knock Off|p2a: Wyrdeer\n|-supereffective|p2a: Wyrdeer\n|-damage|p2a: Wyrdeer|193/321\n|-enditem|p2a: Wyrdeer|Leftovers|[from] move: Knock Off|[of] p1a: Sableye\n|\n|-heal|p1a: Sableye|167/231 tox|[from] item: Leftovers\n|-damage|p1a: Sableye|125/231 tox|[from] psn\n|upkeep\n|turn|14\n|\n|t:|1782797682\n|switch|p1a: Gouging Fire|Gouging Fire, L74|277/277\n|move|p2a: Wyrdeer|Megahorn|p1a: Gouging Fire\n|-resisted|p1a: Gouging Fire\n|-damage|p1a: Gouging Fire|236/277\n|\n|upkeep\n|turn|15\n|\n|t:|1782797690\n|move|p1a: Gouging Fire|Dragon Dance|p1a: Gouging Fire\n|-boost|p1a: Gouging Fire|atk|1\n|-boost|p1a: Gouging Fire|spe|1\n|move|p2a: Wyrdeer|Thunder Wave|p1a: Gouging Fire|[miss]\n|-miss|p2a: Wyrdeer|p1a: Gouging Fire\n|\n|upkeep\n|turn|16\n|\n|t:|1782797703\n|move|p1a: Gouging Fire|Heat Crash|p2a: Wyrdeer\n|-damage|p2a: Wyrdeer|18/321\n|move|p2a: Wyrdeer|Thunder Wave|p1a: Gouging Fire\n|-status|p1a: Gouging Fire|par\n|\n|upkeep\n|turn|17\n|\n|t:|1782797720\n|move|p2a: Wyrdeer|Earthquake|p1a: Gouging Fire\n|-supereffective|p1a: Gouging Fire\n|-damage|p1a: Gouging Fire|88/277 par\n|cant|p1a: Gouging Fire|par\n|\n|upkeep\n|turn|18\n|\n|t:|1782797734\n|-end|p1a: Gouging Fire|Protosynthesis|[silent]\n|switch|p1a: Decidueye|Decidueye-Hisui, L87, M|295/295\n|move|p2a: Wyrdeer|Earthquake|p1a: Decidueye\n|-resisted|p1a: Decidueye\n|-damage|p1a: Decidueye|251/295\n|\n|-heal|p1a: Decidueye|269/295|[from] item: Leftovers\n|upkeep\n|turn|19\n|\n|t:|1782797746\n|move|p2a: Wyrdeer|Psychic Noise|p1a: Decidueye\n|-supereffective|p1a: Decidueye\n|-damage|p1a: Decidueye|95/295\n|-start|p1a: Decidueye|move: Heal Block\n|move|p1a: Decidueye|Leaf Blade|p2a: Wyrdeer\n|-damage|p2a: Wyrdeer|0 fnt\n|faint|p2a: Wyrdeer\n|\n|upkeep\n|\n|t:|1782797760\n|switch|p2a: Armarouge|Armarouge, L80, F|267/267\n|turn|20\n|\n|t:|1782797771\n|switch|p1a: Gouging Fire|Gouging Fire, L74|88/277 par\n|move|p2a: Armarouge|Psyshock|p1a: Gouging Fire\n|-damage|p1a: Gouging Fire|0 fnt\n|faint|p1a: Gouging Fire\n|-end|p1a: Gouging Fire|Protosynthesis|[silent]\n|\n|upkeep\n|\n|t:|1782797779\n|switch|p1a: Sableye|Sableye, L88, M|125/231 tox\n|turn|21\n|\n|t:|1782797793\n|switch|p2a: Toxapex|Toxapex, L82, F|216/216 brn\n|move|p1a: Sableye|Encore||[still]\n|-fail|p1a: Sableye\n|\n|-heal|p1a: Sableye|139/231 tox|[from] item: Leftovers\n|-damage|p1a: Sableye|125/231 tox|[from] psn\n|-damage|p2a: Toxapex|203/216 brn|[from] brn\n|upkeep\n|turn|22\n|\n|t:|1782797803\n|move|p1a: Sableye|Recover|p1a: Sableye\n|-heal|p1a: Sableye|231/231 tox\n|move|p2a: Toxapex|Liquidation|p1a: Sableye\n|-damage|p1a: Sableye|198/231 tox\n|\n|-heal|p1a: Sableye|212/231 tox|[from] item: Leftovers\n|-damage|p1a: Sableye|184/231 tox|[from] psn\n|-damage|p2a: Toxapex|190/216 brn|[from] brn\n|upkeep\n|turn|23\n|\n|t:|1782797819\n|switch|p1a: Samurott|Samurott, L88, M|310/310\n|move|p2a: Toxapex|Liquidation|p1a: Samurott\n|-resisted|p1a: Samurott\n|-damage|p1a: Samurott|294/310\n|\n|-damage|p2a: Toxapex|177/216 brn|[from] brn\n|upkeep\n|turn|24\n|\n|t:|1782797833\n|move|p1a: Samurott|Knock Off|p2a: Toxapex\n|-damage|p2a: Toxapex|140/216 brn\n|move|p2a: Toxapex|Toxic|p1a: Samurott\n|-status|p1a: Samurott|tox\n|\n|-damage|p1a: Samurott|275/310 tox|[from] psn\n|-damage|p2a: Toxapex|127/216 brn|[from] brn\n|upkeep\n|turn|25\n|\n|t:|1782797851\n|switch|p1a: Decidueye|Decidueye-Hisui, L87, M|95/295\n|move|p2a: Toxapex|Recover|p2a: Toxapex\n|-heal|p2a: Toxapex|216/216 brn\n|\n|-heal|p1a: Decidueye|113/295|[from] item: Leftovers\n|-damage|p2a: Toxapex|203/216 brn|[from] brn\n|upkeep\n|turn|26\n|\n|t:|1782797865\n|switch|p1a: Sableye|Sableye, L88, M|184/231 tox\n|move|p2a: Toxapex|Toxic|p1a: Sableye\n|-fail|p1a: Sableye|tox\n|\n|-heal|p1a: Sableye|198/231 tox|[from] item: Leftovers\n|-damage|p1a: Sableye|184/231 tox|[from] psn\n|-damage|p2a: Toxapex|190/216 brn|[from] brn\n|upkeep\n|turn|27\n|\n|t:|1782797878\n|move|p1a: Sableye|Knock Off|p2a: Toxapex\n|-damage|p2a: Toxapex|147/216 brn\n|move|p2a: Toxapex|Liquidation|p1a: Sableye\n|-damage|p1a: Sableye|152/231 tox\n|-unboost|p1a: Sableye|def|1\n|\n|-heal|p1a: Sableye|166/231 tox|[from] item: Leftovers\n|-damage|p1a: Sableye|138/231 tox|[from] psn\n|-damage|p2a: Toxapex|134/216 brn|[from] brn\n|upkeep\n|turn|28\n|inactive|steveve444 has 120 seconds left.\n|\n|t:|1782797893\n|move|p1a: Sableye|Knock Off|p2a: Toxapex\n|-crit|p2a: Toxapex\n|-damage|p2a: Toxapex|73/216 brn\n|move|p2a: Toxapex|Liquidation|p1a: Sableye\n|-damage|p1a: Sableye|89/231 tox\n|\n|-heal|p1a: Sableye|103/231 tox|[from] item: Leftovers\n|-damage|p1a: Sableye|61/231 tox|[from] psn\n|-damage|p2a: Toxapex|60/216 brn|[from] brn\n|upkeep\n|turn|29\n|inactive|steveve444 has 120 seconds left.\n|\n|t:|1782797911\n|switch|p1a: Decidueye|Decidueye-Hisui, L87, M|113/295\n|move|p2a: Toxapex|Recover|p2a: Toxapex\n|-heal|p2a: Toxapex|168/216 brn\n|\n|-heal|p1a: Decidueye|131/295|[from] item: Leftovers\n|-damage|p2a: Toxapex|155/216 brn|[from] brn\n|upkeep\n|turn|30\n|inactive|steveve444 has 120 seconds left.\n|\n|t:|1782797928\n|move|p1a: Decidueye|Leaf Blade|p2a: Toxapex\n|-damage|p2a: Toxapex|79/216 brn\n|move|p2a: Toxapex|Liquidation|p1a: Decidueye\n|-resisted|p1a: Decidueye\n|-damage|p1a: Decidueye|116/295\n|\n|-heal|p1a: Decidueye|134/295|[from] item: Leftovers\n|-damage|p2a: Toxapex|66/216 brn|[from] brn\n|upkeep\n|turn|31\n|\n|t:|1782797940\n|switch|p2a: Armarouge|Armarouge, L80, F|267/267\n|move|p1a: Decidueye|Leaf Blade|p2a: Armarouge\n|-resisted|p2a: Armarouge\n|-damage|p2a: Armarouge|210/267\n|-ability|p2a: Armarouge|Weak Armor|boost\n|-unboost|p2a: Armarouge|def|1\n|-boost|p2a: Armarouge|spe|2\n|\n|-heal|p1a: Decidueye|152/295|[from] item: Leftovers\n|upkeep\n|turn|32\n|\n|t:|1782797962\n|move|p2a: Armarouge|Energy Ball|p1a: Decidueye\n|-resisted|p1a: Decidueye\n|-damage|p1a: Decidueye|102/295\n|move|p1a: Decidueye|Triple Arrows|p2a: Armarouge\n|-resisted|p2a: Armarouge\n|-damage|p2a: Armarouge|126/267\n|-ability|p2a: Armarouge|Weak Armor|boost\n|-unboost|p2a: Armarouge|def|1\n|-boost|p2a: Armarouge|spe|2\n|\n|-heal|p1a: Decidueye|120/295|[from] item: Leftovers\n|upkeep\n|turn|33\n|\n|t:|1782797978\n|switch|p2a: Toxapex|Toxapex, L82, F|138/216 brn\n|move|p1a: Decidueye|Leaf Blade|p2a: Toxapex\n|-damage|p2a: Toxapex|63/216 brn\n|\n|-heal|p1a: Decidueye|138/295|[from] item: Leftovers\n|-damage|p2a: Toxapex|50/216 brn|[from] brn\n|upkeep\n|turn|34\n|\n|t:|1782797990\n|switch|p2a: Armarouge|Armarouge, L80, F|126/267\n|move|p1a: Decidueye|Leaf Blade|p2a: Armarouge\n|-resisted|p2a: Armarouge\n|-damage|p2a: Armarouge|72/267\n|-ability|p2a: Armarouge|Weak Armor|boost\n|-unboost|p2a: Armarouge|def|1\n|-boost|p2a: Armarouge|spe|2\n|\n|-heal|p1a: Decidueye|156/295|[from] item: Leftovers\n|upkeep\n|turn|35\n|\n|t:|1782798003\n|switch|p1a: Samurott|Samurott, L88, M|275/310 tox\n|move|p2a: Armarouge|Psyshock|p1a: Samurott\n|-damage|p1a: Samurott|130/310 tox\n|\n|-damage|p1a: Samurott|111/310 tox|[from] psn\n|upkeep\n|turn|36\n|\n|t:|1782798012\n|switch|p1a: Sableye|Sableye, L88, M|61/231 tox\n|move|p2a: Armarouge|Psyshock|p1a: Sableye\n|-immune|p1a: Sableye\n|\n|-heal|p1a: Sableye|75/231 tox|[from] item: Leftovers\n|-damage|p1a: Sableye|61/231 tox|[from] psn\n|upkeep\n|turn|37\n|\n|t:|1782798022\n|switch|p2a: Toxapex|Toxapex, L82, F|122/216 brn\n|move|p1a: Sableye|Recover|p1a: Sableye\n|-heal|p1a: Sableye|177/231 tox\n|\n|-heal|p1a: Sableye|191/231 tox|[from] item: Leftovers\n|-damage|p1a: Sableye|163/231 tox|[from] psn\n|-damage|p2a: Toxapex|109/216 brn|[from] brn\n|upkeep\n|turn|38\n|\n|t:|1782798037\n|move|p1a: Sableye|Knock Off|p2a: Toxapex\n|-damage|p2a: Toxapex|66/216 brn\n|move|p2a: Toxapex|Recover|p2a: Toxapex\n|-heal|p2a: Toxapex|174/216 brn\n|\n|-heal|p1a: Sableye|177/231 tox|[from] item: Leftovers\n|-damage|p1a: Sableye|135/231 tox|[from] psn\n|-damage|p2a: Toxapex|161/216 brn|[from] brn\n|upkeep\n|turn|39\n|\n|t:|1782798048\n|move|p1a: Sableye|Recover|p1a: Sableye\n|-heal|p1a: Sableye|231/231 tox\n|move|p2a: Toxapex|Recover|p2a: Toxapex\n|-heal|p2a: Toxapex|216/216 brn\n|\n|-damage|p1a: Sableye|175/231 tox|[from] psn\n|-damage|p2a: Toxapex|203/216 brn|[from] brn\n|upkeep\n|turn|40\n|\n|t:|1782798060\n|switch|p1a: Decidueye|Decidueye-Hisui, L87, M|156/295\n|move|p2a: Toxapex|Liquidation|p1a: Decidueye\n|-resisted|p1a: Decidueye\n|-damage|p1a: Decidueye|141/295\n|\n|-heal|p1a: Decidueye|159/295|[from] item: Leftovers\n|-damage|p2a: Toxapex|190/216 brn|[from] brn\n|upkeep\n|turn|41\n|\n|t:|1782798071\n|switch|p1a: Sableye|Sableye, L88, M|175/231 tox\n|move|p2a: Toxapex|Toxic|p1a: Sableye\n|-fail|p1a: Sableye|tox\n|\n|-heal|p1a: Sableye|189/231 tox|[from] item: Leftovers\n|-damage|p1a: Sableye|175/231 tox|[from] psn\n|-damage|p2a: Toxapex|177/216 brn|[from] brn\n|upkeep\n|turn|42\n|\n|t:|1782798083\n|move|p1a: Sableye|Knock Off|p2a: Toxapex\n|-damage|p2a: Toxapex|138/216 brn\n|move|p2a: Toxapex|Liquidation|p1a: Sableye\n|-crit|p1a: Sableye\n|-damage|p1a: Sableye|126/231 tox\n|\n|-heal|p1a: Sableye|140/231 tox|[from] item: Leftovers\n|-damage|p1a: Sableye|112/231 tox|[from] psn\n|-damage|p2a: Toxapex|125/216 brn|[from] brn\n|upkeep\n|turn|43\n|\n|t:|1782798094\n|move|p1a: Sableye|Knock Off|p2a: Toxapex\n|-crit|p2a: Toxapex\n|-damage|p2a: Toxapex|64/216 brn\n|move|p2a: Toxapex|Toxic|p1a: Sableye\n|-fail|p1a: Sableye|tox\n|\n|-heal|p1a: Sableye|126/231 tox|[from] item: Leftovers\n|-damage|p1a: Sableye|84/231 tox|[from] psn\n|-damage|p2a: Toxapex|51/216 brn|[from] brn\n|upkeep\n|turn|44\n|\n|t:|1782798107\n|move|p1a: Sableye|Encore|p2a: Toxapex\n|-start|p2a: Toxapex|Encore\n|move|p2a: Toxapex|Toxic|p1a: Sableye\n|-fail|p1a: Sableye|tox\n|\n|-heal|p1a: Sableye|98/231 tox|[from] item: Leftovers\n|-damage|p1a: Sableye|42/231 tox|[from] psn\n|-damage|p2a: Toxapex|38/216 brn|[from] brn\n|upkeep\n|turn|45\n|\n|t:|1782798126\n|move|p1a: Sableye|Recover|p1a: Sableye\n|-heal|p1a: Sableye|158/231 tox\n|move|p2a: Toxapex|Toxic|p1a: Sableye\n|-fail|p1a: Sableye|tox\n|\n|-heal|p1a: Sableye|172/231 tox|[from] item: Leftovers\n|-damage|p1a: Sableye|102/231 tox|[from] psn\n|-damage|p2a: Toxapex|25/216 brn|[from] brn\n|upkeep\n|turn|46\n|\n|t:|1782798141\n|move|p1a: Sableye|Recover|p1a: Sableye\n|-heal|p1a: Sableye|218/231 tox\n|move|p2a: Toxapex|Toxic|p1a: Sableye\n|-fail|p1a: Sableye|tox\n|\n|-heal|p1a: Sableye|231/231 tox|[from] item: Leftovers\n|-damage|p1a: Sableye|147/231 tox|[from] psn\n|-damage|p2a: Toxapex|12/216 brn|[from] brn\n|-end|p2a: Toxapex|Encore\n|upkeep\n|turn|47\n|inactive|steveve444 has 90 seconds left.\n|\n|t:|1782798170\n|switch|p2a: Armarouge|Armarouge, L80, F|72/267\n|move|p1a: Sableye|Knock Off|p2a: Armarouge\n|-supereffective|p2a: Armarouge\n|-damage|p2a: Armarouge|0 fnt\n|-enditem|p2a: Armarouge|Choice Specs|[from] move: Knock Off|[of] p1a: Sableye\n|faint|p2a: Armarouge\n|\n|-heal|p1a: Sableye|161/231 tox|[from] item: Leftovers\n|-damage|p1a: Sableye|63/231 tox|[from] psn\n|upkeep\n|\n|t:|1782798173\n|switch|p2a: Toxapex|Toxapex, L82, F|84/216 brn\n|turn|48\n|inactive|steveve444 has 90 seconds left.\n|\n|t:|1782798186\n|switch|p1a: Samurott|Samurott, L88, M|111/310 tox\n|move|p2a: Toxapex|Recover|p2a: Toxapex\n|-heal|p2a: Toxapex|192/216 brn\n|\n|-damage|p1a: Samurott|92/310 tox|[from] psn\n|-damage|p2a: Toxapex|179/216 brn|[from] brn\n|upkeep\n|turn|49\n|inactive|steveve444 has 90 seconds left.\n|\n|t:|1782798201\n|move|p1a: Samurott|Flip Turn|p2a: Toxapex\n|-resisted|p2a: Toxapex\n|-damage|p2a: Toxapex|144/216 brn\n|\n|t:|1782798204\n|switch|p1a: Sableye|Sableye, L88, M|63/231 tox|[from] Flip Turn\n|move|p2a: Toxapex|Liquidation|p1a: Sableye\n|-damage|p1a: Sableye|29/231 tox\n|\n|-heal|p1a: Sableye|43/231 tox|[from] item: Leftovers\n|-damage|p1a: Sableye|29/231 tox|[from] psn\n|-damage|p2a: Toxapex|131/216 brn|[from] brn\n|upkeep\n|turn|50\n|\n|t:|1782798217\n|move|p1a: Sableye|Recover|p1a: Sableye\n|-heal|p1a: Sableye|145/231 tox\n|move|p2a: Toxapex|Liquidation|p1a: Sableye\n|-damage|p1a: Sableye|115/231 tox\n|\n|-heal|p1a: Sableye|129/231 tox|[from] item: Leftovers\n|-damage|p1a: Sableye|101/231 tox|[from] psn\n|-damage|p2a: Toxapex|118/216 brn|[from] brn\n|upkeep\n|turn|51\n|\n|t:|1782798227\n|move|p1a: Sableye|Recover|p1a: Sableye\n|-heal|p1a: Sableye|217/231 tox\n|move|p2a: Toxapex|Liquidation|p1a: Sableye\n|-damage|p1a: Sableye|184/231 tox\n|\n|-heal|p1a: Sableye|198/231 tox|[from] item: Leftovers\n|-damage|p1a: Sableye|156/231 tox|[from] psn\n|-damage|p2a: Toxapex|105/216 brn|[from] brn\n|upkeep\n|turn|52\n|\n|t:|1782798239\n|switch|p1a: Samurott|Samurott, L88, M|92/310 tox\n|move|p2a: Toxapex|Liquidation|p1a: Samurott\n|-resisted|p1a: Samurott\n|-damage|p1a: Samurott|77/310 tox\n|\n|-damage|p1a: Samurott|58/310 tox|[from] psn\n|-damage|p2a: Toxapex|92/216 brn|[from] brn\n|upkeep\n|turn|53\n|\n|t:|1782798254\n|move|p1a: Samurott|Flip Turn|p2a: Toxapex\n|-resisted|p2a: Toxapex\n|-damage|p2a: Toxapex|59/216 brn\n|\n|t:|1782798263\n|switch|p1a: Decidueye|Decidueye-Hisui, L87, M|159/295|[from] Flip Turn\n|move|p2a: Toxapex|Recover|p2a: Toxapex\n|-heal|p2a: Toxapex|167/216 brn\n|\n|-heal|p1a: Decidueye|177/295|[from] item: Leftovers\n|-damage|p2a: Toxapex|154/216 brn|[from] brn\n|upkeep\n|turn|54\n|inactive|steveve444 has 90 seconds left.\n|\n|t:|1782798278\n|switch|p1a: Sableye|Sableye, L88, M|156/231 tox\n|move|p2a: Toxapex|Toxic|p1a: Sableye\n|-fail|p1a: Sableye|tox\n|\n|-heal|p1a: Sableye|170/231 tox|[from] item: Leftovers\n|-damage|p1a: Sableye|156/231 tox|[from] psn\n|-damage|p2a: Toxapex|141/216 brn|[from] brn\n|upkeep\n|turn|55\n|inactive|steveve444 has 90 seconds left.\n|\n|t:|1782798290\n|move|p1a: Sableye|Encore|p2a: Toxapex\n|-start|p2a: Toxapex|Encore\n|move|p2a: Toxapex|Toxic|p1a: Sableye\n|-fail|p1a: Sableye|tox\n|\n|-heal|p1a: Sableye|170/231 tox|[from] item: Leftovers\n|-damage|p1a: Sableye|142/231 tox|[from] psn\n|-damage|p2a: Toxapex|128/216 brn|[from] brn\n|upkeep\n|turn|56\n|inactive|steveve444 has 90 seconds left.\n|\n|t:|1782798305\n|switch|p1a: Samurott|Samurott, L88, M|58/310 tox\n|move|p2a: Toxapex|Toxic|p1a: Samurott\n|-fail|p1a: Samurott|tox\n|\n|-damage|p1a: Samurott|39/310 tox|[from] psn\n|-damage|p2a: Toxapex|115/216 brn|[from] brn\n|upkeep\n|turn|57\n|inactive|steveve444 has 90 seconds left.\n|\n|t:|1782798334\n|move|p1a: Samurott|Grass Knot|p2a: Toxapex\n|-damage|p2a: Toxapex|91/216 brn\n|move|p2a: Toxapex|Toxic|p1a: Samurott\n|-fail|p1a: Samurott|tox\n|\n|-damage|p1a: Samurott|1/310 tox|[from] psn\n|-damage|p2a: Toxapex|78/216 brn|[from] brn\n|-end|p2a: Toxapex|Encore\n|upkeep\n|turn|58\n|\n|t:|1782798353\n|move|p1a: Samurott|Flip Turn|p2a: Toxapex\n|-resisted|p2a: Toxapex\n|-damage|p2a: Toxapex|45/216 brn\n|\n|t:|1782798359\n|switch|p1a: Decidueye|Decidueye-Hisui, L87, M|177/295|[from] Flip Turn\n|move|p2a: Toxapex|Liquidation|p1a: Decidueye\n|-resisted|p1a: Decidueye\n|-damage|p1a: Decidueye|162/295\n|\n|-heal|p1a: Decidueye|180/295|[from] item: Leftovers\n|-damage|p2a: Toxapex|32/216 brn|[from] brn\n|upkeep\n|turn|59\n|\n|t:|1782798373\n|move|p1a: Decidueye|Leaf Blade|p2a: Toxapex\n|-damage|p2a: Toxapex|0 fnt\n|faint|p2a: Toxapex\n|\n|-heal|p1a: Decidueye|198/295|[from] item: Leftovers\n|upkeep\n|\n|t:|1782798377\n|switch|p2a: Regidrago|Regidrago, L77|435/435\n|turn|60\n|\n|t:|1782798386\n|move|p2a: Regidrago|Dragon Dance|p2a: Regidrago\n|-boost|p2a: Regidrago|atk|1\n|-boost|p2a: Regidrago|spe|1\n|move|p1a: Decidueye|Triple Arrows|p2a: Regidrago\n|-damage|p2a: Regidrago|261/435\n|-unboost|p2a: Regidrago|def|1\n|\n|-heal|p1a: Decidueye|216/295|[from] item: Leftovers\n|upkeep\n|turn|61\n|\n|t:|1782798398\n|move|p2a: Regidrago|Dragon Claw|p1a: Decidueye\n|-damage|p1a: Decidueye|5/295\n|-damage|p2a: Regidrago|218/435|[from] item: Life Orb\n|move|p1a: Decidueye|Triple Arrows|p2a: Regidrago\n|-damage|p2a: Regidrago|0 fnt\n|faint|p2a: Regidrago\n|\n|-heal|p1a: Decidueye|23/295|[from] item: Leftovers\n|upkeep\n|\n|t:|1782798405\n|switch|p2a: Basculin|Basculin-Blue-Striped, L86, M|261/261\n|turn|62\n|inactive|steveve444 has 90 seconds left.\n|\n|t:|1782798411\n|-terastallize|p2a: Basculin|Water\n|move|p2a: Basculin|Wave Crash|p1a: Decidueye\n|-resisted|p1a: Decidueye\n|-damage|p1a: Decidueye|0 fnt\n|faint|p1a: Decidueye\n|-damage|p2a: Basculin|253/261|[from] Recoil\n|\n|upkeep\n|inactive|steveve444 has 90 seconds left.\n|\n|t:|1782798420\n|switch|p1a: Samurott|Samurott, L88, M|1/310 tox\n|turn|63\n|\n|t:|1782798425\n|move|p2a: Basculin|Wave Crash|p1a: Samurott\n|-resisted|p1a: Samurott\n|-damage|p1a: Samurott|0 fnt\n|faint|p1a: Samurott\n|-damage|p2a: Basculin|252/261|[from] Recoil\n|\n|upkeep\n|\n|t:|1782798434\n|switch|p1a: Sableye|Sableye, L88, M|142/231 tox\n|turn|64\n|\n|t:|1782798442\n|move|p1a: Sableye|Will-O-Wisp|p2a: Basculin\n|-status|p2a: Basculin|brn\n|move|p2a: Basculin|Wave Crash|p1a: Sableye\n|-damage|p1a: Sableye|0 fnt\n|faint|p1a: Sableye\n|-damage|p2a: Basculin|205/261 brn|[from] Recoil\n|\n|-damage|p2a: Basculin|189/261 brn|[from] brn\n|upkeep\n|\n|t:|1782798453\n|switch|p1a: Entei|Entei, L78|307/307\n|turn|65\n|inactive|steveve444 has 90 seconds left.\n|\n|t:|1782798475\n|move|p1a: Entei|Extreme Speed|p2a: Basculin\n|-damage|p2a: Basculin|94/261 brn\n|move|p2a: Basculin|Wave Crash|p1a: Entei\n|-supereffective|p1a: Entei\n|-damage|p1a: Entei|0 fnt\n|faint|p1a: Entei\n|-damage|p2a: Basculin|0 fnt|[from] Recoil\n|faint|p2a: Basculin\n|\n|win|Shuu0908\n|raw|steveve444's rating: 1490 &rarr; <strong>1472</strong><br />(-18 for losing)\n|raw|Shuu0908's rating: 1525 &rarr; <strong>1543</strong><br />(+18 for winning)\n", "inputlog": ">version f8ac14003a5f27e1bdc8d8c59608a773c1cb96e5\n>start {\"formatid\":\"gen9randombattle\",\"seed\":\"sodium,fb9dce11091370860c9a42cf43320dda\",\"rated\":\"Rated battle\"}\n>player p1 {\"name\":\"steveve444\",\"avatar\":\"169\",\"rating\":1490,\"seed\":\"sodium,fa2d7f63fee91aed2aa2f3e6e42bf1f4\"}\n>player p2 {\"name\":\"Shuu0908\",\"avatar\":\"n\",\"rating\":1525,\"seed\":\"sodium,ba100a0109ec068bbfbe0a586de8d1d7\"}\n>p1 move knockoff\n>p2 move toxic\n>p1 move willowisp\n>p2 move liquidation\n>p1 switch 2\n>p2 move recover\n>p1 move coil\n>p2 move toxic\n>p1 move supercellslam\n>p2 switch 4\n>p1 move drainpunch terastallize\n>p2 move iciclecrash\n>p1 move drainpunch\n>p2 switch 4\n>p1 move drainpunch\n>p2 move recover\n>p1 move supercellslam\n>p2 switch 4\n>p1 switch 5\n>p1 move grassknot\n>p2 move earthquake\n>p2 switch 4\n>p1 switch 2\n>p2 move toxic\n>p1 move encore\n>p2 move liquidation\n>p1 move knockoff\n>p2 switch 6\n>p1 switch 4\n>p2 move megahorn\n>p1 move dragondance\n>p2 move thunderwave\n>p1 move heatcrash\n>p2 move thunderwave\n>p1 move dragondance\n>p2 move earthquake\n>p1 switch 6\n>p2 move earthquake\n>p1 move leafblade\n>p2 move psychicnoise\n>p2 switch 2\n>p1 switch 6\n>p2 move psyshock\n>p1 switch 4\n>p1 move encore\n>p2 switch 6\n>p1 move recover\n>p2 move liquidation\n>p1 switch 2\n>p2 move liquidation\n>p1 move knockoff\n>p2 move toxic\n>p1 switch 6\n>p2 move recover\n>p1 switch 2\n>p2 move toxic\n>p1 move knockoff\n>p2 move liquidation\n>p1 move knockoff\n>p2 move liquidation\n>p1 switch 2\n>p2 move recover\n>p1 move leafblade\n>p2 move liquidation\n>p1 move leafblade\n>p2 switch 6\n>p1 move triplearrows\n>p2 move energyball\n>p1 move leafblade\n>p2 switch 6\n>p1 move leafblade\n>p2 switch 6\n>p1 switch 6\n>p2 move psyshock\n>p1 switch 2\n>p2 move psyshock\n>p1 move recover\n>p2 switch 6\n>p1 move knockoff\n>p2 move recover\n>p1 move recover\n>p2 move recover\n>p1 switch 6\n>p2 move liquidation\n>p1 switch 6\n>p2 move toxic\n>p1 move knockoff\n>p2 move liquidation\n>p1 move knockoff\n>p2 move toxic\n>p1 move encore\n>p2 move liquidation\n>p1 move recover\n>p2 move toxic\n>p1 move recover\n>p2 move toxic\n>p1 move knockoff\n>p2 switch 6\n>p2 switch 6\n>p1 switch 2\n>p2 move recover\n>p1 move flipturn\n>p2 move liquidation\n>p1 switch 2\n>p1 move recover\n>p2 move liquidation\n>p1 move recover\n>p2 move liquidation\n>p1 switch 2\n>p2 move liquidation\n>p1 move flipturn\n>p2 move recover\n>p1 switch 6\n>p1 switch 2\n>p2 move toxic\n>p1 move encore\n>p2 move liquidation\n>p1 switch 6\n>p2 move toxic\n>p1 move grassknot\n>p2 move toxic\n>p1 move flipturn\n>p2 move liquidation\n>p1 switch 2\n>p1 move leafblade\n>p2 move toxic\n>p2 switch 5\n>p1 move triplearrows\n>p2 move dragondance\n>p1 move triplearrows\n>p2 move dragonclaw\n>p2 switch 3\n>p1 move leafblade\n>p2 move wavecrash terastallize\n>p1 switch 2\n>p1 move grassknot\n>p2 move wavecrash\n>p1 switch 6\n>p1 move willowisp\n>p2 move wavecrash\n>p1 switch 3\n>p1 move extremespeed\n>p2 move wavecrash", "uploadtime": 1782798486, "views": 10, "formatid": "gen9randombattle", "rating": 1472, "private": 0, "password": null, "player_dets": [{"name": "steveve444", "avatar": "169", "rating": 1490, "seed": "sodium,fa2d7f63fee91aed2aa2f3e6e42bf1f4"}, {"name": "Shuu0908", "avatar": "n", "rating": 1525, "seed": "sodium,ba100a0109ec068bbfbe0a586de8d1d7"}], "teams_full": [{"Sableye": {"name": "Sableye", "species": "Sableye", "speciesId": "sableye", "gender": "M", "shiny": false, "level": 88, "moves": ["knockoff", "recover", "willowisp", "encore"], "ability": "Prankster", "evs": {"hp": 85, "atk": 85, "def": 85, "spa": 85, "spd": 85, "spe": 85}, "ivs": {"hp": 31, "atk": 31, "def": 31, "spa": 31, "spd": 31, "spe": 31}, "item": "Leftovers", "teraType": "Poison", "role": "Bulky Support", "bvs": {"hp": 50, "atk": 75, "def": 75, "spa": 65, "spd": 65, "spe": 50}, "stats": {"hp": 231, "atk": 182, "def": 182, "spa": 165, "spd": 165, "spe": 138}, "types": ["Dark", "Ghost"]}, "Eelektross": {"name": "Eelektross", "species": "Eelektross", "speciesId": "eelektross", "gender": "F", "shiny": false, "level": 87, "moves": ["knockoff", "drainpunch", "supercellslam", "coil"], "ability": "Levitate", "evs": {"hp": 85, "atk": 85, "def": 85, "spa": 85, "spd": 85, "spe": 85}, "ivs": {"hp": 31, "atk": 31, "def": 31, "spa": 31, "spd": 31, "spe": 31}, "item": "Leftovers", "teraType": "Fighting", "role": "Bulky Setup", "bvs": {"hp": 85, "atk": 115, "def": 80, "spa": 105, "spd": 80, "spe": 50}, "stats": {"hp": 290, "atk": 250, "def": 189, "spa": 232, "spd": 189, "spe": 137}, "types": ["Electric"]}, "Entei": {"name": "Entei", "species": "Entei", "speciesId": "entei", "gender": "N", "shiny": false, "level": 78, "moves": ["flareblitz", "sacredfire", "extremespeed", "stoneedge"], "ability": "Inner Focus", "evs": {"hp": 85, "atk": 85, "def": 85, "spa": 85, "spd": 85, "spe": 85}, "ivs": {"hp": 31, "atk": 31, "def": 31, "spa": 31, "spd": 31, "spe": 31}, "item": "Choice Band", "teraType": "Normal", "role": "Fast Attacker", "bvs": {"hp": 115, "atk": 115, "def": 85, "spa": 90, "spd": 75, "spe": 100}, "stats": {"hp": 307, "atk": 224, "def": 178, "spa": 185, "spd": 162, "spe": 201}, "types": ["Fire"]}, "Gouging Fire": {"name": "Gouging Fire", "species": "Gouging Fire", "speciesId": "gougingfire", "gender": "N", "shiny": false, "level": 74, "moves": ["dragondance", "morningsun", "outrage", "heatcrash"], "ability": "Protosynthesis", "evs": {"hp": 85, "atk": 85, "def": 85, "spa": 85, "spd": 85, "spe": 85}, "ivs": {"hp": 31, "atk": 31, "def": 31, "spa": 31, "spd": 31, "spe": 31}, "item": "Heavy-Duty Boots", "teraType": "Fairy", "role": "Bulky Setup", "bvs": {"hp": 105, "atk": 115, "def": 121, "spa": 65, "spd": 93, "spe": 91}, "stats": {"hp": 277, "atk": 213, "def": 222, "spa": 139, "spd": 181, "spe": 178}, "types": ["Fire", "Dragon"]}, "Samurott": {"name": "Samurott", "species": "Samurott", "speciesId": "samurott", "gender": "M", "shiny": false, "level": 88, "moves": ["flipturn", "knockoff", "hydropump", "grassknot"], "ability": "Torrent", "evs": {"hp": 85, "atk": 85, "def": 85, "spa": 85, "spd": 85, "spe": 85}, "ivs": {"hp": 31, "atk": 31, "def": 31, "spa": 31, "spd": 31, "spe": 31}, "item": "Assault Vest", "teraType": "Water", "role": "AV Pivot", "bvs": {"hp": 95, "atk": 100, "def": 85, "spa": 108, "spd": 70, "spe": 70}, "stats": {"hp": 310, "atk": 226, "def": 200, "spa": 240, "spd": 173, "spe": 173}, "types": ["Water"]}, "Decidueye": {"name": "Decidueye", "species": "Decidueye-Hisui", "speciesId": "decidueyehisui", "gender": "M", "shiny": false, "level": 87, "moves": ["defog", "leafblade", "roost", "triplearrows"], "ability": "Scrappy", "evs": {"hp": 85, "atk": 85, "def": 85, "spa": 85, "spd": 85, "spe": 85}, "ivs": {"hp": 31, "atk": 31, "def": 31, "spa": 31, "spd": 31, "spe": 31}, "item": "Leftovers", "teraType": "Water", "role": "Bulky Attacker", "bvs": {"hp": 88, "atk": 112, "def": 80, "spa": 95, "spd": 95, "spe": 60}, "stats": {"hp": 295, "atk": 245, "def": 189, "spa": 215, "spd": 215, "spe": 154}, "types": ["Grass", "Fighting"]}}, {"Toxapex": {"name": "Toxapex", "species": "Toxapex", "speciesId": "toxapex", "gender": "F", "shiny": false, "level": 82, "moves": ["haze", "recover", "liquidation", "toxic"], "ability": "Regenerator", "evs": {"hp": 85, "atk": 85, "def": 85, "spa": 85, "spd": 85, "spe": 85}, "ivs": {"hp": 31, "atk": 31, "def": 31, "spa": 31, "spd": 31, "spe": 31}, "item": "Leftovers", "teraType": "Grass", "role": "Bulky Support", "bvs": {"hp": 50, "atk": 63, "def": 152, "spa": 53, "spd": 142, "spe": 35}, "stats": {"hp": 216, "atk": 150, "def": 296, "spa": 134, "spd": 280, "spe": 105}, "types": ["Poison", "Water"]}, "Armarouge": {"name": "Armarouge", "species": "Armarouge", "speciesId": "armarouge", "gender": "F", "shiny": false, "level": 80, "moves": ["focusblast", "armorcannon", "psyshock", "energyball"], "ability": "Weak Armor", "evs": {"hp": 85, "atk": 0, "def": 85, "spa": 85, "spd": 85, "spe": 85}, "ivs": {"hp": 31, "atk": 0, "def": 31, "spa": 31, "spd": 31, "spe": 31}, "item": "Choice Specs", "teraType": "Psychic", "role": "Wallbreaker", "bvs": {"hp": 85, "atk": 60, "def": 100, "spa": 125, "spd": 80, "spe": 75}, "stats": {"hp": 267, "atk": 101, "def": 206, "spa": 246, "spd": 174, "spe": 166}, "types": ["Fire", "Psychic"]}, "Basculin": {"name": "Basculin", "species": "Basculin-Blue-Striped", "speciesId": "basculin", "gender": "M", "shiny": false, "level": 86, "moves": ["aquajet", "flipturn", "doubleedge", "wavecrash"], "ability": "Adaptability", "evs": {"hp": 85, "atk": 85, "def": 85, "spa": 85, "spd": 85, "spe": 85}, "ivs": {"hp": 31, "atk": 31, "def": 31, "spa": 31, "spd": 31, "spe": 31}, "item": "Choice Band", "teraType": "Water", "role": "Wallbreaker", "bvs": {"hp": 70, "atk": 92, "def": 65, "spa": 80, "spd": 55, "spe": 98}, "stats": {"hp": 261, "atk": 207, "def": 161, "spa": 187, "spd": 144, "spe": 218}, "types": ["Water"]}, "Piloswine": {"name": "Piloswine", "species": "Piloswine", "speciesId": "piloswine", "gender": "F", "shiny": false, "level": 85, "moves": ["iciclecrash", "roar", "iceshard", "earthquake"], "ability": "Thick Fat", "evs": {"hp": 85, "atk": 85, "def": 85, "spa": 85, "spd": 85, "spe": 85}, "ivs": {"hp": 31, "atk": 31, "def": 31, "spa": 31, "spd": 31, "spe": 31}, "item": "Eviolite", "teraType": "Poison", "role": "Bulky Support", "bvs": {"hp": 100, "atk": 100, "def": 80, "spa": 60, "spd": 60, "spe": 50}, "stats": {"hp": 309, "atk": 219, "def": 185, "spa": 151, "spd": 151, "spe": 134}, "types": ["Ice", "Ground"]}, "Regidrago": {"name": "Regidrago", "species": "Regidrago", "speciesId": "regidrago", "gender": "N", "shiny": false, "level": 77, "moves": ["dragondance", "dragonclaw", "terablast", "earthquake"], "ability": "Dragon's Maw", "evs": {"hp": 85, "atk": 85, "def": 85, "spa": 85, "spd": 85, "spe": 85}, "ivs": {"hp": 31, "atk": 31, "def": 31, "spa": 31, "spd": 31, "spe": 31}, "item": "Life Orb", "teraType": "Steel", "role": "Tera Blast user", "bvs": {"hp": 200, "atk": 100, "def": 50, "spa": 100, "spd": 50, "spe": 80}, "stats": {"hp": 435, "atk": 199, "def": 122, "spa": 199, "spd": 122, "spe": 168}, "types": ["Dragon"]}, "Wyrdeer": {"name": "Wyrdeer", "species": "Wyrdeer", "speciesId": "wyrdeer", "gender": "M", "shiny": false, "level": 87, "moves": ["megahorn", "earthquake", "thunderwave", "psychicnoise"], "ability": "Intimidate", "evs": {"hp": 85, "atk": 85, "def": 85, "spa": 85, "spd": 85, "spe": 85}, "ivs": {"hp": 31, "atk": 31, "def": 31, "spa": 31, "spd": 31, "spe": 31}, "item": "Leftovers", "teraType": "Ground", "role": "Bulky Attacker", "bvs": {"hp": 103, "atk": 105, "def": 72, "spa": 105, "spd": 75, "spe": 65}, "stats": {"hp": 321, "atk": 232, "def": 175, "spa": 232, "spd": 180, "spe": 163}, "types": ["Normal", "Psychic"]}}]}