{"id": "gen9randombattle-2641091866", "format": "[Gen 9] Random Battle", "players": ["Christmasrieth12", "ChadInteleonUser"], "log": "|j|\u2606Christmasrieth12\n|j|\u2606ChadInteleonUser\n|t:|1782739239\n|gametype|singles\n|player|p1|Christmasrieth12|101|2169\n|player|p2|ChadInteleonUser|wallace|2165\n|gen|9\n|tier|[Gen 9] Random Battle\n|rated|\n|rule|Species Clause: Limit one of each Pok\u00e9mon\n|rule|HP Percentage Mod: HP is shown in percentages\n|rule|Sleep Clause Mod: Limit one foe put to sleep\n|rule|Illusion Level Mod: Illusion disguises the Pok\u00e9mon's true level\n|\n|t:|1782739239\n|teamsize|p1|6\n|teamsize|p2|6\n|start\n|switch|p1a: Pecharunt|Pecharunt, L77|262/262\n|switch|p2a: Illumise|Illumise, L91, F|266/266\n|turn|1\n|inactive|Battle timer is ON: inactive players will automatically lose when time's up. (requested by ChadInteleonUser)\n|\n|t:|1782739250\n|move|p2a: Illumise|Thunder Wave|p1a: Pecharunt\n|-status|p1a: Pecharunt|par\n|move|p1a: Pecharunt|Malignant Chain|p2a: Illumise\n|-damage|p2a: Illumise|184/266\n|\n|upkeep\n|turn|2\n|\n|t:|1782739265\n|switch|p2a: Dondozo|Dondozo, L78, M|362/362\n|move|p1a: Pecharunt|Malignant Chain|p2a: Dondozo\n|-damage|p2a: Dondozo|242/362\n|\n|-heal|p2a: Dondozo|264/362|[from] item: Leftovers\n|upkeep\n|turn|3\n|\n|t:|1782739272\n|move|p2a: Dondozo|Curse|p2a: Dondozo\n|-unboost|p2a: Dondozo|spe|1\n|-boost|p2a: Dondozo|atk|1\n|-boost|p2a: Dondozo|def|1\n|cant|p1a: Pecharunt|par\n|\n|-heal|p2a: Dondozo|286/362|[from] item: Leftovers\n|upkeep\n|turn|4\n|\n|t:|1782739276\n|move|p1a: Pecharunt|Malignant Chain|p2a: Dondozo\n|-damage|p2a: Dondozo|183/362\n|-status|p2a: Dondozo|tox\n|-start|p2a: Dondozo|confusion|[from] ability: Poison Puppeteer|[of] p1a: Pecharunt\n|-activate|p2a: Dondozo|confusion\n|-damage|p2a: Dondozo|160/362 tox|[from] confusion\n|\n|-heal|p2a: Dondozo|182/362 tox|[from] item: Leftovers\n|-damage|p2a: Dondozo|160/362 tox|[from] psn\n|upkeep\n|turn|5\n|\n|t:|1782739285\n|move|p1a: Pecharunt|Malignant Chain|p2a: Dondozo\n|-damage|p2a: Dondozo|43/362 tox\n|-end|p2a: Dondozo|confusion\n|move|p2a: Dondozo|Rest|p2a: Dondozo\n|-status|p2a: Dondozo|slp|[from] move: Rest\n|-heal|p2a: Dondozo|362/362 slp|[silent]\n|\n|upkeep\n|turn|6\n|\n|t:|1782739291\n|move|p1a: Pecharunt|Parting Shot|p2a: Dondozo\n|-unboost|p2a: Dondozo|atk|1\n|-unboost|p2a: Dondozo|spa|1\n|\n|t:|1782739301\n|switch|p1a: Chien-Pao|Chien-Pao, L72|234/234|[from] Parting Shot\n|-ability|p1a: Chien-Pao|Sword of Ruin\n|cant|p2a: Dondozo|slp\n|move|p2a: Dondozo|Sleep Talk|p2a: Dondozo\n|move|p2a: Dondozo|Rest||[from] move: Sleep Talk|[still]\n|-fail|p2a: Dondozo\n|\n|upkeep\n|turn|7\n|\n|t:|1782739307\n|-terastallize|p1a: Chien-Pao|Fighting\n|move|p1a: Chien-Pao|Sacred Sword|p2a: Dondozo\n|-damage|p2a: Dondozo|214/362 slp\n|cant|p2a: Dondozo|slp\n|move|p2a: Dondozo|Sleep Talk|p2a: Dondozo\n|move|p2a: Dondozo|Curse|p2a: Dondozo|[from] move: Sleep Talk\n|-unboost|p2a: Dondozo|spe|1\n|-boost|p2a: Dondozo|atk|1\n|-boost|p2a: Dondozo|def|1\n|\n|-heal|p2a: Dondozo|236/362 slp|[from] item: Leftovers\n|upkeep\n|turn|8\n|\n|t:|1782739320\n|switch|p2a: Weezing|Weezing-Galar, L86, F|252/252\n|move|p1a: Chien-Pao|Sacred Sword|p2a: Weezing\n|-resisted|p2a: Weezing\n|-damage|p2a: Weezing|219/252\n|\n|-heal|p2a: Weezing|234/252|[from] item: Leftovers\n|upkeep\n|turn|9\n|\n|t:|1782739324\n|switch|p1a: Pecharunt|Pecharunt, L77|262/262 par\n|move|p2a: Weezing|Fire Blast|p1a: Pecharunt\n|-damage|p1a: Pecharunt|177/262 par\n|\n|-heal|p2a: Weezing|249/252|[from] item: Leftovers\n|-heal|p1a: Pecharunt|193/262 par|[from] item: Leftovers\n|upkeep\n|turn|10\n|inactive|Christmasrieth12 has 120 seconds left.\n|\n|t:|1782739364\n|switch|p2a: Dondozo|Dondozo, L78, M|236/362 slp\n|move|p1a: Pecharunt|Malignant Chain|p2a: Dondozo\n|-damage|p2a: Dondozo|118/362 slp\n|\n|-heal|p2a: Dondozo|140/362 slp|[from] item: Leftovers\n|-heal|p1a: Pecharunt|209/262 par|[from] item: Leftovers\n|upkeep\n|turn|11\n|\n|t:|1782739385\n|-curestatus|p2a: Dondozo|slp|[msg]\n|move|p2a: Dondozo|Rest|p2a: Dondozo\n|-status|p2a: Dondozo|slp|[from] move: Rest\n|-heal|p2a: Dondozo|362/362 slp|[silent]\n|move|p1a: Pecharunt|Parting Shot|p2a: Dondozo\n|-unboost|p2a: Dondozo|atk|1\n|-unboost|p2a: Dondozo|spa|1\n|\n|t:|1782739390\n|switch|p1a: Frosmoth|Frosmoth, L82, F|249/249|[from] Parting Shot\n|\n|upkeep\n|turn|12\n|\n|t:|1782739395\n|switch|p2a: Illumise|Illumise, L91, F|184/266\n|move|p1a: Frosmoth|Ice Beam|p2a: Illumise\n|-damage|p2a: Illumise|85/266\n|\n|upkeep\n|turn|13\n|\n|t:|1782739400\n|switch|p1a: Pecharunt|Pecharunt, L77|209/262 par\n|move|p2a: Illumise|Roost|p2a: Illumise\n|-heal|p2a: Illumise|218/266\n|-singleturn|p2a: Illumise|move: Roost\n|\n|-heal|p1a: Pecharunt|225/262 par|[from] item: Leftovers\n|upkeep\n|turn|14\n|\n|t:|1782739405\n|move|p2a: Illumise|Bug Buzz|p1a: Pecharunt\n|-resisted|p1a: Pecharunt\n|-damage|p1a: Pecharunt|201/262 par\n|cant|p1a: Pecharunt|par\n|\n|-heal|p1a: Pecharunt|217/262 par|[from] item: Leftovers\n|upkeep\n|turn|15\n|\n|t:|1782739411\n|switch|p2a: Regigigas|Regigigas, L84|322/322\n|-start|p2a: Regigigas|ability: Slow Start\n|cant|p1a: Pecharunt|par\n|\n|-heal|p1a: Pecharunt|233/262 par|[from] item: Leftovers\n|upkeep\n|turn|16\n|\n|t:|1782739414\n|move|p2a: Regigigas|Knock Off|p1a: Pecharunt\n|-supereffective|p1a: Pecharunt\n|-damage|p1a: Pecharunt|163/262 par\n|-enditem|p1a: Pecharunt|Leftovers|[from] move: Knock Off|[of] p2a: Regigigas\n|move|p1a: Pecharunt|Parting Shot|p2a: Regigigas\n|-unboost|p2a: Regigigas|atk|1\n|-unboost|p2a: Regigigas|spa|1\n|\n|t:|1782739420\n|switch|p1a: Chien-Pao|Chien-Pao, L72, tera:Fighting|234/234|[from] Parting Shot\n|-ability|p1a: Chien-Pao|Sword of Ruin\n|\n|upkeep\n|turn|17\n|\n|t:|1782739426\n|switch|p2a: Dondozo|Dondozo, L78, M|362/362 slp\n|move|p1a: Chien-Pao|Icicle Crash|p2a: Dondozo\n|-resisted|p2a: Dondozo\n|-damage|p2a: Dondozo|297/362 slp\n|\n|-heal|p2a: Dondozo|319/362 slp|[from] item: Leftovers\n|upkeep\n|turn|18\n|\n|t:|1782739431\n|switch|p1a: Frosmoth|Frosmoth, L82, F|249/249\n|cant|p2a: Dondozo|slp\n|\n|-heal|p2a: Dondozo|341/362 slp|[from] item: Leftovers\n|upkeep\n|turn|19\n|\n|t:|1782739434\n|switch|p2a: Illumise|Illumise, L91, F|218/266\n|move|p1a: Frosmoth|Giga Drain|p2a: Illumise\n|-resisted|p2a: Illumise\n|-damage|p2a: Illumise|190/266\n|\n|upkeep\n|turn|20\n|\n|t:|1782739438\n|switch|p1a: Pecharunt|Pecharunt, L77|163/262 par\n|move|p2a: Illumise|Bug Buzz|p1a: Pecharunt\n|-resisted|p1a: Pecharunt\n|-damage|p1a: Pecharunt|138/262 par\n|\n|upkeep\n|turn|21\n|\n|t:|1782739442\n|move|p2a: Illumise|Bug Buzz|p1a: Pecharunt\n|-resisted|p1a: Pecharunt\n|-damage|p1a: Pecharunt|113/262 par\n|move|p1a: Pecharunt|Recover|p1a: Pecharunt\n|-heal|p1a: Pecharunt|244/262 par\n|\n|upkeep\n|turn|22\n|\n|t:|1782739454\n|switch|p1a: Gumshoos|Gumshoos, L95, F|321/321\n|move|p2a: Illumise|Encore||[still]\n|-fail|p2a: Illumise\n|\n|upkeep\n|turn|23\n|\n|t:|1782739471\n|-terastallize|p2a: Illumise|Steel\n|move|p2a: Illumise|Roost|p2a: Illumise\n|-heal|p2a: Illumise|266/266\n|move|p1a: Gumshoos|Double-Edge|p2a: Illumise\n|-resisted|p2a: Illumise\n|-damage|p2a: Illumise|127/266\n|-damage|p1a: Gumshoos|275/321|[from] Recoil\n|\n|upkeep\n|turn|24\n|\n|t:|1782739484\n|switch|p1a: Pecharunt|Pecharunt, L77|244/262 par\n|move|p2a: Illumise|Roost|p2a: Illumise\n|-heal|p2a: Illumise|260/266\n|\n|upkeep\n|turn|25\n|\n|t:|1782739488\n|move|p2a: Illumise|Bug Buzz|p1a: Pecharunt\n|-resisted|p1a: Pecharunt\n|-damage|p1a: Pecharunt|221/262 par\n|move|p1a: Pecharunt|Parting Shot|p2a: Illumise\n|-unboost|p2a: Illumise|atk|1\n|-unboost|p2a: Illumise|spa|1\n|\n|t:|1782739492\n|switch|p1a: Gumshoos|Gumshoos, L95, F|275/321|[from] Parting Shot\n|\n|upkeep\n|turn|26\n|\n|t:|1782739497\n|switch|p2a: Regigigas|Regigigas, L84|322/322\n|-start|p2a: Regigigas|ability: Slow Start\n|move|p1a: Gumshoos|Double-Edge|p2a: Regigigas\n|-damage|p2a: Regigigas|0 fnt\n|faint|p2a: Regigigas\n|-end|p2a: Regigigas|Slow Start|[silent]\n|-damage|p1a: Gumshoos|169/321|[from] Recoil\n|\n|upkeep\n|\n|t:|1782739516\n|switch|p2a: Illumise|Illumise, L91, F, tera:Steel|260/266\n|turn|27\n|\n|t:|1782739519\n|switch|p1a: Pecharunt|Pecharunt, L77|221/262 par\n|move|p2a: Illumise|Bug Buzz|p1a: Pecharunt\n|-resisted|p1a: Pecharunt\n|-damage|p1a: Pecharunt|197/262 par\n|\n|upkeep\n|turn|28\n|\n|t:|1782739522\n|switch|p2a: Greninja|Greninja, L80, M|246/246\n|cant|p1a: Pecharunt|par\n|\n|upkeep\n|turn|29\n|\n|t:|1782739529\n|switch|p1a: Oinkologne|Oinkologne, L92, M|352/352\n|move|p2a: Greninja|Dark Pulse|p1a: Oinkologne\n|-damage|p1a: Oinkologne|238/352\n|-damage|p2a: Greninja|222/246|[from] item: Life Orb\n|\n|-heal|p1a: Oinkologne|260/352|[from] item: Leftovers\n|upkeep\n|turn|30\n|\n|t:|1782739536\n|switch|p2a: Illumise|Illumise, L91, F, tera:Steel|260/266\n|move|p1a: Oinkologne|High Horsepower|p2a: Illumise\n|-supereffective|p2a: Illumise\n|-damage|p2a: Illumise|96/266\n|\n|-heal|p1a: Oinkologne|282/352|[from] item: Leftovers\n|upkeep\n|turn|31\n|\n|t:|1782739544\n|move|p2a: Illumise|Roost|p2a: Illumise\n|-heal|p2a: Illumise|229/266\n|move|p1a: Oinkologne|Double-Edge|p2a: Illumise\n|-resisted|p2a: Illumise\n|-damage|p2a: Illumise|145/266\n|-damage|p1a: Oinkologne|254/352|[from] Recoil\n|\n|-heal|p1a: Oinkologne|276/352|[from] item: Leftovers\n|upkeep\n|turn|32\n|\n|t:|1782739547\n|switch|p2a: Weezing|Weezing-Galar, L86, F|249/252\n|switch|p1a: Pecharunt|Pecharunt, L77|197/262 par\n|\n|-heal|p2a: Weezing|252/252|[from] item: Leftovers\n|upkeep\n|turn|33\n|\n|t:|1782739552\n|move|p2a: Weezing|Fire Blast|p1a: Pecharunt\n|-crit|p1a: Pecharunt\n|-damage|p1a: Pecharunt|87/262 par\n|move|p1a: Pecharunt|Recover|p1a: Pecharunt\n|-heal|p1a: Pecharunt|218/262 par\n|\n|upkeep\n|turn|34\n|\n|t:|1782739557\n|move|p2a: Weezing|Fire Blast|p1a: Pecharunt\n|-damage|p1a: Pecharunt|131/262 par\n|move|p1a: Pecharunt|Parting Shot|p2a: Weezing\n|-unboost|p2a: Weezing|atk|1\n|-unboost|p2a: Weezing|spa|1\n|\n|t:|1782739571\n|switch|p1a: Oinkologne|Oinkologne, L92, M|276/352|[from] Parting Shot\n|\n|-heal|p1a: Oinkologne|298/352|[from] item: Leftovers\n|upkeep\n|turn|35\n|\n|t:|1782739576\n|switch|p2a: Dondozo|Dondozo, L78, M|341/362 slp\n|move|p1a: Oinkologne|Double-Edge|p2a: Dondozo\n|-damage|p2a: Dondozo|203/362 slp\n|-damage|p1a: Oinkologne|252/352|[from] Recoil\n|\n|-heal|p1a: Oinkologne|274/352|[from] item: Leftovers\n|-heal|p2a: Dondozo|225/362 slp|[from] item: Leftovers\n|upkeep\n|turn|36\n|\n|t:|1782739580\n|switch|p1a: Gumshoos|Gumshoos, L95, F|169/321\n|cant|p2a: Dondozo|slp\n|move|p2a: Dondozo|Sleep Talk|p2a: Dondozo\n|move|p2a: Dondozo|Curse|p2a: Dondozo|[from] move: Sleep Talk\n|-unboost|p2a: Dondozo|spe|1\n|-boost|p2a: Dondozo|atk|1\n|-boost|p2a: Dondozo|def|1\n|\n|-heal|p2a: Dondozo|247/362 slp|[from] item: Leftovers\n|upkeep\n|turn|37\n|\n|t:|1782739584\n|move|p1a: Gumshoos|Knock Off|p2a: Dondozo\n|-damage|p2a: Dondozo|168/362 slp\n|-enditem|p2a: Dondozo|Leftovers|[from] move: Knock Off|[of] p1a: Gumshoos\n|-curestatus|p2a: Dondozo|slp|[msg]\n|move|p2a: Dondozo|Rest|p2a: Dondozo\n|-status|p2a: Dondozo|slp|[from] move: Rest\n|-heal|p2a: Dondozo|362/362 slp|[silent]\n|\n|upkeep\n|turn|38\n|\n|t:|1782739588\n|switch|p1a: Chien-Pao|Chien-Pao, L72, tera:Fighting|234/234\n|-ability|p1a: Chien-Pao|Sword of Ruin\n|cant|p2a: Dondozo|slp\n|move|p2a: Dondozo|Sleep Talk|p2a: Dondozo\n|move|p2a: Dondozo|Rest||[from] move: Sleep Talk|[still]\n|-fail|p2a: Dondozo\n|\n|upkeep\n|turn|39\n|\n|t:|1782739591\n|move|p1a: Chien-Pao|Sacred Sword|p2a: Dondozo\n|-damage|p2a: Dondozo|220/362 slp\n|cant|p2a: Dondozo|slp\n|move|p2a: Dondozo|Sleep Talk|p2a: Dondozo\n|move|p2a: Dondozo|Rest||[from] move: Sleep Talk|[still]\n|-fail|p2a: Dondozo\n|\n|upkeep\n|turn|40\n|\n|t:|1782739597\n|switch|p1a: Pecharunt|Pecharunt, L77|131/262 par\n|-curestatus|p2a: Dondozo|slp|[msg]\n|move|p2a: Dondozo|Rest|p2a: Dondozo\n|-status|p2a: Dondozo|slp|[from] move: Rest\n|-heal|p2a: Dondozo|362/362 slp|[silent]\n|\n|upkeep\n|turn|41\n|\n|t:|1782739603\n|move|p1a: Pecharunt|Recover|p1a: Pecharunt\n|-heal|p1a: Pecharunt|262/262 par\n|cant|p2a: Dondozo|slp\n|move|p2a: Dondozo|Sleep Talk|p2a: Dondozo\n|move|p2a: Dondozo|Curse|p2a: Dondozo|[from] move: Sleep Talk\n|-unboost|p2a: Dondozo|spe|1\n|-boost|p2a: Dondozo|atk|1\n|-boost|p2a: Dondozo|def|1\n|\n|upkeep\n|turn|42\n|\n|t:|1782739608\n|move|p1a: Pecharunt|Shadow Ball|p2a: Dondozo\n|-damage|p2a: Dondozo|271/362 slp\n|cant|p2a: Dondozo|slp\n|move|p2a: Dondozo|Sleep Talk|p2a: Dondozo\n|move|p2a: Dondozo|Wave Crash|p1a: Pecharunt|[from] move: Sleep Talk\n|-damage|p1a: Pecharunt|120/262 par\n|-damage|p2a: Dondozo|224/362 slp|[from] Recoil\n|\n|upkeep\n|turn|43\n|\n|t:|1782739612\n|move|p1a: Pecharunt|Shadow Ball|p2a: Dondozo\n|-damage|p2a: Dondozo|142/362 slp\n|-curestatus|p2a: Dondozo|slp|[msg]\n|move|p2a: Dondozo|Wave Crash|p1a: Pecharunt\n|-damage|p1a: Pecharunt|0 fnt\n|faint|p1a: Pecharunt\n|-damage|p2a: Dondozo|102/362|[from] Recoil\n|\n|upkeep\n|\n|t:|1782739622\n|switch|p1a: Chien-Pao|Chien-Pao, L72, tera:Fighting|234/234\n|-ability|p1a: Chien-Pao|Sword of Ruin\n|turn|44\n|\n|t:|1782739628\n|switch|p2a: Weezing|Weezing-Galar, L86, F|252/252\n|move|p1a: Chien-Pao|Sacred Sword|p2a: Weezing\n|-resisted|p2a: Weezing\n|-damage|p2a: Weezing|221/252\n|\n|-heal|p2a: Weezing|236/252|[from] item: Leftovers\n|upkeep\n|turn|45\n|\n|t:|1782739632\n|switch|p1a: Oinkologne|Oinkologne, L92, M|274/352\n|switch|p2a: Dondozo|Dondozo, L78, M|102/362\n|\n|-heal|p1a: Oinkologne|296/352|[from] item: Leftovers\n|upkeep\n|turn|46\n|\n|t:|1782739637\n|switch|p2a: Illumise|Illumise, L91, F, tera:Steel|145/266\n|move|p1a: Oinkologne|Double-Edge|p2a: Illumise\n|-resisted|p2a: Illumise\n|-damage|p2a: Illumise|65/266\n|-damage|p1a: Oinkologne|270/352|[from] Recoil\n|\n|-heal|p1a: Oinkologne|292/352|[from] item: Leftovers\n|upkeep\n|turn|47\n|\n|t:|1782739639\n|switch|p1a: Chien-Pao|Chien-Pao, L72, tera:Fighting|234/234\n|-ability|p1a: Chien-Pao|Sword of Ruin\n|move|p2a: Illumise|Roost|p2a: Illumise\n|-heal|p2a: Illumise|198/266\n|\n|upkeep\n|turn|48\n|\n|t:|1782739645\n|move|p2a: Illumise|Thunder Wave|p1a: Chien-Pao\n|-status|p1a: Chien-Pao|par\n|move|p1a: Chien-Pao|Sacred Sword|p2a: Illumise\n|-supereffective|p2a: Illumise\n|-damage|p2a: Illumise|0 fnt\n|faint|p2a: Illumise\n|\n|upkeep\n|\n|t:|1782739652\n|switch|p2a: Weezing|Weezing-Galar, L86, F|236/252\n|turn|49\n|\n|t:|1782739660\n|switch|p1a: Oinkologne|Oinkologne, L92, M|292/352\n|move|p2a: Weezing|Strange Steam|p1a: Oinkologne\n|-damage|p1a: Oinkologne|207/352\n|\n|-heal|p1a: Oinkologne|229/352|[from] item: Leftovers\n|-heal|p2a: Weezing|251/252|[from] item: Leftovers\n|upkeep\n|turn|50\n|\n|t:|1782739664\n|move|p1a: Oinkologne|Double-Edge|p2a: Weezing\n|-damage|p2a: Weezing|125/252\n|-damage|p1a: Oinkologne|187/352|[from] Recoil\n|move|p2a: Weezing|Gunk Shot|p1a: Oinkologne\n|-damage|p1a: Oinkologne|67/352\n|-status|p1a: Oinkologne|psn\n|\n|-heal|p1a: Oinkologne|89/352 psn|[from] item: Leftovers\n|-heal|p2a: Weezing|140/252|[from] item: Leftovers\n|-damage|p1a: Oinkologne|45/352 psn|[from] psn\n|upkeep\n|turn|51\n|\n|t:|1782739669\n|move|p1a: Oinkologne|Double-Edge|p2a: Weezing\n|-damage|p2a: Weezing|25/252\n|-damage|p1a: Oinkologne|7/352 psn|[from] Recoil\n|move|p2a: Weezing|Strange Steam|p1a: Oinkologne\n|-damage|p1a: Oinkologne|0 fnt\n|faint|p1a: Oinkologne\n|\n|-heal|p2a: Weezing|40/252|[from] item: Leftovers\n|upkeep\n|\n|t:|1782739679\n|switch|p1a: Frosmoth|Frosmoth, L82, F|249/249\n|turn|52\n|\n|t:|1782739685\n|switch|p2a: Greninja|Greninja, L80, M|222/246\n|move|p1a: Frosmoth|Ice Beam|p2a: Greninja\n|-resisted|p2a: Greninja\n|-damage|p2a: Greninja|150/246\n|\n|upkeep\n|turn|53\n|\n|t:|1782739689\n|move|p2a: Greninja|Gunk Shot|p1a: Frosmoth\n|-damage|p1a: Frosmoth|113/249\n|-damage|p2a: Greninja|126/246|[from] item: Life Orb\n|move|p1a: Frosmoth|Quiver Dance|p1a: Frosmoth\n|-boost|p1a: Frosmoth|spa|1\n|-boost|p1a: Frosmoth|spd|1\n|-boost|p1a: Frosmoth|spe|1\n|\n|upkeep\n|turn|54\n|\n|t:|1782739694\n|move|p2a: Greninja|Gunk Shot|p1a: Frosmoth\n|-damage|p1a: Frosmoth|0 fnt\n|faint|p1a: Frosmoth\n|-ability|p2a: Greninja|Battle Bond|boost\n|-boost|p2a: Greninja|atk|1\n|-boost|p2a: Greninja|spa|1\n|-boost|p2a: Greninja|spe|1\n|-activate|p2a: Greninja|ability: Battle Bond\n|-damage|p2a: Greninja|102/246|[from] item: Life Orb\n|\n|upkeep\n|c|\u2606ChadInteleonUser|gg\n|\n|t:|1782739698\n|switch|p1a: Carbink|Carbink, L90|236/236\n|turn|55\n|\n|t:|1782739701\n|move|p2a: Greninja|Hydro Pump|p1a: Carbink\n|-supereffective|p1a: Carbink\n|-ability|p1a: Carbink|Sturdy\n|-damage|p1a: Carbink|1/236\n|-damage|p2a: Greninja|78/246|[from] item: Life Orb\n|move|p1a: Carbink|Body Press|p2a: Greninja\n|-supereffective|p2a: Greninja\n|-damage|p2a: Greninja|0 fnt\n|faint|p2a: Greninja\n|\n|-heal|p1a: Carbink|15/236|[from] item: Leftovers\n|upkeep\n|\n|t:|1782739706\n|switch|p2a: Torterra|Torterra, L78, F|276/276\n|turn|56\n|\n|t:|1782739713\n|move|p1a: Carbink|Moonblast|p2a: Torterra\n|-damage|p2a: Torterra|189/276\n|move|p2a: Torterra|Shell Smash|p2a: Torterra\n|-unboost|p2a: Torterra|def|1\n|-unboost|p2a: Torterra|spd|1\n|-boost|p2a: Torterra|atk|2\n|-boost|p2a: Torterra|spa|2\n|-boost|p2a: Torterra|spe|2\n|\n|-heal|p1a: Carbink|29/236|[from] item: Leftovers\n|upkeep\n|turn|57\n|\n|t:|1782739718\n|move|p2a: Torterra|Bullet Seed|p1a: Carbink\n|-supereffective|p1a: Carbink\n|-damage|p1a: Carbink|0 fnt\n|faint|p1a: Carbink\n|-hitcount|p1: Carbink|1\n|\n|upkeep\n|\n|t:|1782739722\n|switch|p1a: Chien-Pao|Chien-Pao, L72, tera:Fighting|234/234 par\n|-ability|p1a: Chien-Pao|Sword of Ruin\n|turn|58\n|\n|t:|1782739725\n|switch|p2a: Dondozo|Dondozo, L78, M|102/362\n|move|p1a: Chien-Pao|Ice Shard|p2a: Dondozo\n|-resisted|p2a: Dondozo\n|-damage|p2a: Dondozo|66/362\n|\n|upkeep\n|turn|59\n|\n|t:|1782739727\n|switch|p1a: Gumshoos|Gumshoos, L95, F|169/321\n|move|p2a: Dondozo|Rest|p2a: Dondozo\n|-status|p2a: Dondozo|slp|[from] move: Rest\n|-heal|p2a: Dondozo|362/362 slp|[silent]\n|\n|upkeep\n|turn|60\n|\n|t:|1782739731\n|move|p1a: Gumshoos|U-turn|p2a: Dondozo\n|-damage|p2a: Dondozo|272/362 slp\n|\n|t:|1782739732\n|switch|p1a: Chien-Pao|Chien-Pao, L72, tera:Fighting|234/234 par|[from] U-turn\n|-ability|p1a: Chien-Pao|Sword of Ruin\n|cant|p2a: Dondozo|slp\n|move|p2a: Dondozo|Sleep Talk|p2a: Dondozo\n|move|p2a: Dondozo|Curse|p2a: Dondozo|[from] move: Sleep Talk\n|-unboost|p2a: Dondozo|spe|1\n|-boost|p2a: Dondozo|atk|1\n|-boost|p2a: Dondozo|def|1\n|\n|upkeep\n|turn|61\n|\n|t:|1782739738\n|move|p1a: Chien-Pao|Sacred Sword|p2a: Dondozo\n|-damage|p2a: Dondozo|133/362 slp\n|cant|p2a: Dondozo|slp\n|move|p2a: Dondozo|Sleep Talk|p2a: Dondozo\n|move|p2a: Dondozo|Curse|p2a: Dondozo|[from] move: Sleep Talk\n|-unboost|p2a: Dondozo|spe|1\n|-boost|p2a: Dondozo|atk|1\n|-boost|p2a: Dondozo|def|1\n|\n|upkeep\n|turn|62\n|\n|t:|1782739748\n|switch|p2a: Weezing|Weezing-Galar, L86, F|40/252\n|move|p1a: Chien-Pao|Sacred Sword|p2a: Weezing\n|-resisted|p2a: Weezing\n|-crit|p2a: Weezing\n|-damage|p2a: Weezing|0 fnt\n|faint|p2a: Weezing\n|\n|upkeep\n|\n|t:|1782739752\n|switch|p2a: Torterra|Torterra, L78, F|189/276\n|turn|63\n|\n|t:|1782739756\n|move|p2a: Torterra|Bullet Seed|p1a: Chien-Pao\n|-damage|p1a: Chien-Pao|200/234 par\n|-damage|p1a: Chien-Pao|169/234 par\n|-damage|p1a: Chien-Pao|139/234 par\n|-damage|p1a: Chien-Pao|106/234 par\n|-damage|p1a: Chien-Pao|76/234 par\n|-hitcount|p1a: Chien-Pao|5\n|move|p1a: Chien-Pao|Sacred Sword|p2a: Torterra\n|-damage|p2a: Torterra|47/276\n|\n|upkeep\n|turn|64\n|\n|t:|1782739767\n|switch|p1a: Gumshoos|Gumshoos, L95, F|169/321\n|move|p2a: Torterra|Bullet Seed|p1a: Gumshoos\n|-damage|p1a: Gumshoos|121/321\n|-damage|p1a: Gumshoos|75/321\n|-damage|p1a: Gumshoos|32/321\n|-damage|p1a: Gumshoos|0 fnt\n|faint|p1a: Gumshoos\n|-hitcount|p1: Gumshoos|4\n|\n|upkeep\n|c|\u2606ChadInteleonUser|the crit god damn\n|\n|t:|1782739768\n|switch|p1a: Chien-Pao|Chien-Pao, L72, tera:Fighting|76/234 par\n|-ability|p1a: Chien-Pao|Sword of Ruin\n|turn|65\n|c|\u2606ChadInteleonUser|nah\n|-message|Christmasrieth12 forfeited.\n|\n|win|ChadInteleonUser\n", "inputlog": ">version f8ac14003a5f27e1bdc8d8c59608a773c1cb96e5\n>start {\"formatid\":\"gen9randombattle\",\"seed\":\"sodium,7d72656b3e046be79b054e468ee09a09\",\"rated\":\"Rated battle\"}\n>player p1 {\"name\":\"Christmasrieth12\",\"avatar\":\"101\",\"rating\":2169,\"seed\":\"sodium,ff15e38f952350b7ac22ae52f27c2ba7\"}\n>player p2 {\"name\":\"ChadInteleonUser\",\"avatar\":\"wallace\",\"rating\":2165,\"seed\":\"sodium,0c425a74370e90c289339e9fa772d6b5\"}\n>p1 move malignantchain\n>p2 move thunderwave\n>p1 move malignantchain\n>p2 switch 3\n>p1 move partingshot\n>p2 move curse\n>p1 move malignantchain\n>p2 move curse\n>p1 move malignantchain\n>p2 move rest\n>p1 move partingshot\n>p2 move sleeptalk\n>p1 switch 6\n>p1 move sacredsword terastallize\n>p2 move sleeptalk\n>p1 move sacredsword\n>p2 switch 2\n>p1 switch 6\n>p2 move fireblast\n>p1 move malignantchain\n>p2 switch 2\n>p1 move partingshot\n>p2 move rest\n>p1 switch 2\n>p1 move icebeam\n>p2 switch 3\n>p1 switch 2\n>p2 move roost\n>p1 move partingshot\n>p2 move bugbuzz\n>p1 move shadowball\n>p2 switch 6\n>p1 move partingshot\n>p2 move knockoff\n>p1 switch 6\n>p1 move iciclecrash\n>p2 switch 3\n>p1 switch 2\n>p2 move wavecrash\n>p1 move gigadrain\n>p2 switch 6\n>p1 switch 6\n>p2 move bugbuzz\n>p1 move recover\n>p2 move bugbuzz\n>p1 switch 3\n>p2 move encore\n>p1 move doubleedge\n>p2 move roost terastallize\n>p1 switch 3\n>p2 move roost\n>p1 move partingshot\n>p2 move bugbuzz\n>p1 switch 3\n>p1 move doubleedge\n>p2 switch 3\n>p2 switch 3\n>p1 switch 3\n>p2 move bugbuzz\n>p1 move partingshot\n>p2 switch 5\n>p1 switch 5\n>p2 move darkpulse\n>p1 move highhorsepower\n>p2 switch 5\n>p1 move doubleedge\n>p2 move roost\n>p1 switch 5\n>p2 switch 2\n>p1 move recover\n>p2 move fireblast\n>p1 move partingshot\n>p2 move fireblast\n>p1 switch 5\n>p1 move doubleedge\n>p2 switch 6\n>p1 switch 3\n>p2 move sleeptalk\n>p1 move knockoff\n>p2 move rest\n>p1 switch 2\n>p2 move sleeptalk\n>p1 move sacredsword\n>p2 move sleeptalk\n>p1 switch 5\n>p2 move rest\n>p1 move recover\n>p2 move sleeptalk\n>p1 move shadowball\n>p2 move sleeptalk\n>p1 move shadowball\n>p2 move wavecrash\n>p1 switch 5\n>p1 move sacredsword\n>p2 switch 6\n>p1 switch 3\n>p2 switch 6\n>p1 move doubleedge\n>p2 switch 2\n>p1 switch 3\n>p2 move roost\n>p1 move sacredsword\n>p2 move thunderwave\n>p2 switch 6\n>p1 switch 3\n>p2 move strangesteam\n>p1 move doubleedge\n>p2 move gunkshot\n>p1 move doubleedge\n>p2 move strangesteam\n>p1 switch 6\n>p1 move icebeam\n>p2 switch 5\n>p1 move quiverdance\n>p2 move gunkshot\n>p1 move gigadrain\n>p2 move gunkshot\n>chat \u2606ChadInteleonUser|gg\n>p1 switch 4\n>p1 move bodypress\n>p2 move hydropump\n>p2 switch 4\n>p1 move moonblast\n>p2 move shellsmash\n>p1 move moonblast\n>p2 move bulletseed\n>p1 switch 3\n>p1 move iceshard\n>p2 switch 2\n>p1 switch 2\n>p2 move rest\n>p1 move uturn\n>p2 move sleeptalk\n>p1 switch 2\n>p1 move sacredsword\n>p2 move sleeptalk\n>p1 move sacredsword\n>p2 switch 5\n>p2 switch 2\n>p1 move sacredsword\n>p2 move bulletseed\n>p1 switch 2\n>p2 move bulletseed\n>chat \u2606ChadInteleonUser|the crit god damn\n>p1 switch 2\n>chat \u2606ChadInteleonUser|nah\n>forcelose p1", "uploadtime": 1782739241, "views": 8, "formatid": "gen9randombattle", "rating": null, "private": 0, "password": null, "player_dets": [{"name": "Christmasrieth12", "avatar": "101", "rating": 2169, "seed": "sodium,ff15e38f952350b7ac22ae52f27c2ba7"}, {"name": "ChadInteleonUser", "avatar": "wallace", "rating": 2165, "seed": "sodium,0c425a74370e90c289339e9fa772d6b5"}], "teams_full": [{"Pecharunt": {"name": "Pecharunt", "species": "Pecharunt", "speciesId": "pecharunt", "gender": "N", "shiny": false, "level": 77, "moves": ["shadowball", "partingshot", "recover", "malignantchain"], "ability": "Poison Puppeteer", "evs": {"hp": 85, "atk": 0, "def": 85, "spa": 85, "spd": 85, "spe": 85}, "ivs": {"hp": 31, "atk": 0, "def": 31, "spa": 31, "spd": 31, "spe": 31}, "item": "Leftovers", "teraType": "Dark", "role": "Bulky Attacker", "bvs": {"hp": 88, "atk": 88, "def": 160, "spa": 88, "spd": 88, "spe": 88}, "stats": {"hp": 262, "atk": 140, "def": 291, "spa": 180, "spd": 180, "spe": 180}, "types": ["Poison", "Ghost"]}, "Frosmoth": {"name": "Frosmoth", "species": "Frosmoth", "speciesId": "frosmoth", "gender": "F", "shiny": false, "level": 82, "moves": ["quiverdance", "gigadrain", "terablast", "icebeam"], "ability": "Ice Scales", "evs": {"hp": 85, "atk": 0, "def": 85, "spa": 85, "spd": 85, "spe": 85}, "ivs": {"hp": 31, "atk": 0, "def": 31, "spa": 31, "spd": 31, "spe": 31}, "item": "Heavy-Duty Boots", "teraType": "Ground", "role": "Tera Blast user", "bvs": {"hp": 70, "atk": 65, "def": 60, "spa": 125, "spd": 90, "spe": 65}, "stats": {"hp": 249, "atk": 111, "def": 146, "spa": 252, "spd": 195, "spe": 154}, "types": ["Ice", "Bug"]}, "Gumshoos": {"name": "Gumshoos", "species": "Gumshoos", "speciesId": "gumshoos", "gender": "F", "shiny": false, "level": 95, "moves": ["knockoff", "earthquake", "doubleedge", "uturn"], "ability": "Stakeout", "evs": {"hp": 85, "atk": 85, "def": 85, "spa": 85, "spd": 85, "spe": 85}, "ivs": {"hp": 31, "atk": 31, "def": 31, "spa": 31, "spd": 31, "spe": 31}, "item": "Choice Band", "teraType": "Normal", "role": "Wallbreaker", "bvs": {"hp": 88, "atk": 110, "def": 60, "spa": 55, "spd": 60, "spe": 45}, "stats": {"hp": 321, "atk": 263, "def": 168, "spa": 158, "spd": 168, "spe": 139}, "types": ["Normal"]}, "Carbink": {"name": "Carbink", "species": "Carbink", "speciesId": "carbink", "gender": "N", "shiny": false, "level": 90, "moves": ["bodypress", "moonblast", "rockpolish", "irondefense"], "ability": "Sturdy", "evs": {"hp": 85, "atk": 0, "def": 85, "spa": 85, "spd": 85, "spe": 85}, "ivs": {"hp": 31, "atk": 0, "def": 31, "spa": 31, "spd": 31, "spe": 31}, "item": "Leftovers", "teraType": "Fighting", "role": "Fast Bulky Setup", "bvs": {"hp": 50, "atk": 50, "def": 150, "spa": 50, "spd": 150, "spe": 50}, "stats": {"hp": 236, "atk": 95, "def": 321, "spa": 141, "spd": 321, "spe": 141}, "types": ["Rock", "Fairy"]}, "Oinkologne": {"name": "Oinkologne", "species": "Oinkologne", "speciesId": "oinkologne", "gender": "M", "shiny": false, "level": 92, "moves": ["curse", "highhorsepower", "doubleedge", "lashout"], "ability": "Thick Fat", "evs": {"hp": 85, "atk": 85, "def": 85, "spa": 85, "spd": 85, "spe": 85}, "ivs": {"hp": 31, "atk": 31, "def": 31, "spa": 31, "spd": 31, "spe": 31}, "item": "Leftovers", "teraType": "Ground", "role": "Bulky Setup", "bvs": {"hp": 110, "atk": 100, "def": 75, "spa": 59, "spd": 80, "spe": 65}, "stats": {"hp": 352, "atk": 236, "def": 190, "spa": 161, "spd": 200, "spe": 172}, "types": ["Normal"]}, "Chien-Pao": {"name": "Chien-Pao", "species": "Chien-Pao", "speciesId": "chienpao", "gender": "N", "shiny": false, "level": 72, "moves": ["iceshard", "sacredsword", "crunch", "iciclecrash"], "ability": "Sword of Ruin", "evs": {"hp": 85, "atk": 85, "def": 85, "spa": 85, "spd": 85, "spe": 85}, "ivs": {"hp": 31, "atk": 31, "def": 31, "spa": 31, "spd": 31, "spe": 31}, "item": "Choice Band", "teraType": "Fighting", "role": "Wallbreaker", "bvs": {"hp": 80, "atk": 120, "def": 80, "spa": 90, "spd": 65, "spe": 135}, "stats": {"hp": 234, "atk": 215, "def": 157, "spa": 172, "spd": 136, "spe": 236}, "types": ["Dark", "Ice"]}}, {"Illumise": {"name": "Illumise", "species": "Illumise", "speciesId": "illumise", "gender": "F", "shiny": false, "level": 91, "moves": ["thunderwave", "bugbuzz", "roost", "encore"], "ability": "Prankster", "evs": {"hp": 85, "atk": 0, "def": 85, "spa": 85, "spd": 85, "spe": 85}, "ivs": {"hp": 31, "atk": 0, "def": 31, "spa": 31, "spd": 31, "spe": 31}, "item": "Heavy-Duty Boots", "teraType": "Steel", "role": "Bulky Support", "bvs": {"hp": 65, "atk": 47, "def": 75, "spa": 73, "spd": 85, "spe": 85}, "stats": {"hp": 266, "atk": 90, "def": 188, "spa": 185, "spd": 207, "spe": 207}, "types": ["Bug"]}, "Weezing": {"name": "Weezing", "species": "Weezing-Galar", "speciesId": "weezinggalar", "gender": "F", "shiny": false, "level": 86, "moves": ["gunkshot", "strangesteam", "fireblast", "defog"], "ability": "Levitate", "evs": {"hp": 85, "atk": 85, "def": 85, "spa": 85, "spd": 85, "spe": 85}, "ivs": {"hp": 31, "atk": 31, "def": 31, "spa": 31, "spd": 31, "spe": 31}, "item": "Leftovers", "teraType": "Steel", "role": "Bulky Support", "bvs": {"hp": 65, "atk": 90, "def": 120, "spa": 85, "spd": 70, "spe": 60}, "stats": {"hp": 252, "atk": 204, "def": 256, "spa": 195, "spd": 170, "spe": 152}, "types": ["Poison", "Fairy"]}, "Dondozo": {"name": "Dondozo", "species": "Dondozo", "speciesId": "dondozo", "gender": "M", "shiny": false, "level": 78, "moves": ["sleeptalk", "wavecrash", "rest", "curse"], "ability": "Unaware", "evs": {"hp": 85, "atk": 85, "def": 85, "spa": 85, "spd": 85, "spe": 85}, "ivs": {"hp": 31, "atk": 31, "def": 31, "spa": 31, "spd": 31, "spe": 31}, "item": "Leftovers", "teraType": "Fairy", "role": "Bulky Setup", "bvs": {"hp": 150, "atk": 100, "def": 115, "spa": 65, "spd": 65, "spe": 35}, "stats": {"hp": 362, "atk": 201, "def": 224, "spa": 146, "spd": 146, "spe": 100}, "types": ["Water"]}, "Torterra": {"name": "Torterra", "species": "Torterra", "speciesId": "torterra", "gender": "F", "shiny": false, "level": 78, "moves": ["bulletseed", "rockblast", "shellsmash", "headlongrush"], "ability": "Overgrow", "evs": {"hp": 85, "atk": 85, "def": 85, "spa": 85, "spd": 85, "spe": 85}, "ivs": {"hp": 31, "atk": 31, "def": 31, "spa": 31, "spd": 31, "spe": 31}, "item": "Loaded Dice", "teraType": "Rock", "role": "Setup Sweeper", "bvs": {"hp": 95, "atk": 109, "def": 105, "spa": 75, "spd": 85, "spe": 56}, "stats": {"hp": 276, "atk": 215, "def": 209, "spa": 162, "spd": 178, "spe": 132}, "types": ["Grass", "Ground"]}, "Greninja": {"name": "Greninja", "species": "Greninja-Bond", "speciesId": "greninjabond", "gender": "M", "shiny": false, "level": 80, "moves": ["hydropump", "icebeam", "darkpulse", "gunkshot"], "ability": "Battle Bond", "evs": {"hp": 85, "atk": 85, "def": 85, "spa": 85, "spd": 85, "spe": 85}, "ivs": {"hp": 31, "atk": 31, "def": 31, "spa": 31, "spd": 31, "spe": 31}, "item": "Life Orb", "teraType": "Poison", "role": "Fast Attacker", "bvs": {"hp": 72, "atk": 95, "def": 67, "spa": 103, "spd": 71, "spe": 122}, "stats": {"hp": 246, "atk": 198, "def": 153, "spa": 211, "spd": 160, "spe": 241}, "types": ["Water", "Dark"]}, "Regigigas": {"name": "Regigigas", "species": "Regigigas", "speciesId": "regigigas", "gender": "N", "shiny": false, "level": 84, "moves": ["rest", "sleeptalk", "bodyslam", "knockoff"], "ability": "Slow Start", "evs": {"hp": 85, "atk": 85, "def": 85, "spa": 85, "spd": 85, "spe": 85}, "ivs": {"hp": 31, "atk": 31, "def": 31, "spa": 31, "spd": 31, "spe": 31}, "item": "Leftovers", "teraType": "Ghost", "role": "Bulky Support", "bvs": {"hp": 110, "atk": 160, "def": 110, "spa": 80, "spd": 110, "spe": 100}, "stats": {"hp": 322, "atk": 317, "def": 233, "spa": 183, "spd": 233, "spe": 216}, "types": ["Normal"]}}]}