{"id": "gen9randombattle-2641461627", "format": "[Gen 9] Random Battle", "players": ["Archaerus", "AnonymousBW"], "log": "|j|\u2606Archaerus\n|j|\u2606AnonymousBW\n|t:|1782788406\n|gametype|singles\n|player|p1|Archaerus|169|1530\n|player|p2|AnonymousBW|lucas|1571\n|gen|9\n|tier|[Gen 9] Random Battle\n|rated|\n|rule|Species Clause: Limit one of each Pok\u00e9mon\n|rule|HP Percentage Mod: HP is shown in percentages\n|rule|Sleep Clause Mod: Limit one foe put to sleep\n|rule|Illusion Level Mod: Illusion disguises the Pok\u00e9mon's true level\n|\n|t:|1782788406\n|teamsize|p1|6\n|teamsize|p2|6\n|start\n|switch|p1a: Morpeko|Morpeko, L88, M|245/245\n|switch|p2a: Misdreavus|Misdreavus, L90, M|254/254\n|turn|1\n|inactive|Battle timer is ON: inactive players will automatically lose when time's up. (requested by Archaerus)\n|\n|t:|1782788418\n|switch|p2a: Registeel|Registeel, L81|262/262\n|move|p1a: Morpeko|Protect||[still]\n|-fail|p1a: Morpeko\n|\n|-formechange|p1a: Morpeko|Morpeko-Hangry||[from] ability: Hunger Switch\n|upkeep\n|turn|2\n|\n|t:|1782788425\n|move|p1a: Morpeko|Parting Shot|p2a: Registeel\n|-fail|p2a: Registeel|unboost|[from] ability: Clear Body|[of] p2a: Registeel\n|move|p2a: Registeel|Iron Defense|p2a: Registeel\n|-boost|p2a: Registeel|def|2\n|\n|-formechange|p1a: Morpeko|Morpeko||[from] ability: Hunger Switch\n|upkeep\n|turn|3\n|\n|t:|1782788432\n|switch|p1a: Spiritomb|Spiritomb, L89, M|234/234\n|move|p2a: Registeel|Iron Defense|p2a: Registeel\n|-boost|p2a: Registeel|def|2\n|\n|upkeep\n|turn|4\n|\n|t:|1782788438\n|move|p2a: Registeel|Iron Head|p1a: Spiritomb\n|-damage|p1a: Spiritomb|180/234\n|move|p1a: Spiritomb|Will-O-Wisp|p2a: Registeel\n|-status|p2a: Registeel|brn\n|\n|-heal|p1a: Spiritomb|194/234|[from] item: Leftovers\n|-damage|p2a: Registeel|246/262 brn|[from] brn\n|upkeep\n|turn|5\n|\n|t:|1782788446\n|move|p2a: Registeel|Iron Defense|p2a: Registeel\n|-boost|p2a: Registeel|def|2\n|move|p1a: Spiritomb|Pain Split|p2a: Registeel\n|-sethp|p2a: Registeel|220/262 brn|[from] move: Pain Split|[silent]\n|-sethp|p1a: Spiritomb|220/234|[from] move: Pain Split\n|\n|-heal|p1a: Spiritomb|234/234|[from] item: Leftovers\n|-damage|p2a: Registeel|204/262 brn|[from] brn\n|upkeep\n|turn|6\n|\n|t:|1782788454\n|move|p2a: Registeel|Iron Head|p1a: Spiritomb\n|-damage|p1a: Spiritomb|207/234\n|move|p1a: Spiritomb|Poltergeist|p2a: Registeel|[miss]\n|-miss|p1a: Spiritomb|p2a: Registeel\n|\n|-heal|p1a: Spiritomb|221/234|[from] item: Leftovers\n|-damage|p2a: Registeel|188/262 brn|[from] brn\n|upkeep\n|turn|7\n|\n|t:|1782788460\n|move|p2a: Registeel|Iron Head|p1a: Spiritomb\n|-damage|p1a: Spiritomb|197/234\n|cant|p1a: Spiritomb|flinch\n|\n|-heal|p1a: Spiritomb|211/234|[from] item: Leftovers\n|-damage|p2a: Registeel|172/262 brn|[from] brn\n|upkeep\n|turn|8\n|\n|t:|1782788464\n|move|p2a: Registeel|Iron Head|p1a: Spiritomb\n|-damage|p1a: Spiritomb|183/234\n|move|p1a: Spiritomb|Poltergeist|p2a: Registeel\n|-activate|p2a: Registeel|move: Poltergeist|Chesto Berry\n|-damage|p2a: Registeel|150/262 brn\n|\n|-heal|p1a: Spiritomb|197/234|[from] item: Leftovers\n|-damage|p2a: Registeel|134/262 brn|[from] brn\n|upkeep\n|turn|9\n|\n|t:|1782788476\n|move|p2a: Registeel|Iron Head|p1a: Spiritomb\n|-damage|p1a: Spiritomb|170/234\n|cant|p1a: Spiritomb|flinch\n|\n|-heal|p1a: Spiritomb|184/234|[from] item: Leftovers\n|-damage|p2a: Registeel|118/262 brn|[from] brn\n|upkeep\n|turn|10\n|\n|t:|1782788492\n|move|p2a: Registeel|Iron Head|p1a: Spiritomb\n|-damage|p1a: Spiritomb|158/234\n|cant|p1a: Spiritomb|flinch\n|\n|-heal|p1a: Spiritomb|172/234|[from] item: Leftovers\n|-damage|p2a: Registeel|102/262 brn|[from] brn\n|upkeep\n|turn|11\n|\n|t:|1782788496\n|move|p2a: Registeel|Iron Head|p1a: Spiritomb\n|-damage|p1a: Spiritomb|148/234\n|move|p1a: Spiritomb|Will-O-Wisp|p2a: Registeel|[miss]\n|-miss|p1a: Spiritomb|p2a: Registeel\n|\n|-heal|p1a: Spiritomb|162/234|[from] item: Leftovers\n|-damage|p2a: Registeel|86/262 brn|[from] brn\n|upkeep\n|turn|12\n|\n|t:|1782788501\n|move|p2a: Registeel|Iron Head|p1a: Spiritomb\n|-damage|p1a: Spiritomb|133/234\n|move|p1a: Spiritomb|Will-O-Wisp|p2a: Registeel\n|-fail|p2a: Registeel|brn\n|\n|-heal|p1a: Spiritomb|147/234|[from] item: Leftovers\n|-damage|p2a: Registeel|70/262 brn|[from] brn\n|upkeep\n|turn|13\n|\n|t:|1782788507\n|move|p2a: Registeel|Iron Head|p1a: Spiritomb\n|-damage|p1a: Spiritomb|121/234\n|move|p1a: Spiritomb|Poltergeist|p2a: Registeel\n|-activate|p2a: Registeel|move: Poltergeist|Chesto Berry\n|-damage|p2a: Registeel|46/262 brn\n|\n|-heal|p1a: Spiritomb|135/234|[from] item: Leftovers\n|-damage|p2a: Registeel|30/262 brn|[from] brn\n|upkeep\n|turn|14\n|\n|t:|1782788518\n|move|p2a: Registeel|Rest|p2a: Registeel\n|-status|p2a: Registeel|slp|[from] move: Rest\n|-heal|p2a: Registeel|262/262 slp|[silent]\n|-enditem|p2a: Registeel|Chesto Berry|[eat]\n|-curestatus|p2a: Registeel|slp|[msg]\n|move|p1a: Spiritomb|Will-O-Wisp|p2a: Registeel|[miss]\n|-miss|p1a: Spiritomb|p2a: Registeel\n|\n|-heal|p1a: Spiritomb|149/234|[from] item: Leftovers\n|upkeep\n|turn|15\n|\n|t:|1782788535\n|switch|p2a: Bronzong|Bronzong, L88|261/261\n|move|p1a: Spiritomb|Will-O-Wisp|p2a: Bronzong\n|-status|p2a: Bronzong|brn\n|\n|-heal|p1a: Spiritomb|163/234|[from] item: Leftovers\n|-damage|p2a: Bronzong|245/261 brn|[from] brn\n|upkeep\n|turn|16\n|\n|t:|1782788544\n|move|p1a: Spiritomb|Poltergeist|p2a: Bronzong|[miss]\n|-miss|p1a: Spiritomb|p2a: Bronzong\n|move|p2a: Bronzong|Stealth Rock|p1a: Spiritomb\n|-sidestart|p1: Archaerus|move: Stealth Rock\n|\n|-heal|p1a: Spiritomb|177/234|[from] item: Leftovers\n|-heal|p2a: Bronzong|261/261 brn|[from] item: Leftovers\n|-damage|p2a: Bronzong|245/261 brn|[from] brn\n|upkeep\n|turn|17\n|\n|t:|1782788551\n|switch|p2a: Registeel|Registeel, L81|262/262\n|move|p1a: Spiritomb|Poltergeist||[still]\n|-fail|p1a: Spiritomb\n|\n|-heal|p1a: Spiritomb|191/234|[from] item: Leftovers\n|upkeep\n|turn|18\n|\n|t:|1782788558\n|switch|p2a: Bronzong|Bronzong, L88|245/261 brn\n|move|p1a: Spiritomb|Will-O-Wisp|p2a: Bronzong\n|-fail|p2a: Bronzong|brn\n|\n|-heal|p1a: Spiritomb|205/234|[from] item: Leftovers\n|-heal|p2a: Bronzong|261/261 brn|[from] item: Leftovers\n|-damage|p2a: Bronzong|245/261 brn|[from] brn\n|upkeep\n|turn|19\n|\n|t:|1782788561\n|move|p1a: Spiritomb|Pain Split|p2a: Bronzong\n|-sethp|p2a: Bronzong|225/261 brn|[from] move: Pain Split|[silent]\n|-sethp|p1a: Spiritomb|225/234|[from] move: Pain Split\n|move|p2a: Bronzong|Hypnosis|p1a: Spiritomb\n|-status|p1a: Spiritomb|slp|[from] move: Hypnosis\n|\n|-heal|p1a: Spiritomb|234/234 slp|[from] item: Leftovers\n|-heal|p2a: Bronzong|241/261 brn|[from] item: Leftovers\n|-damage|p2a: Bronzong|225/261 brn|[from] brn\n|upkeep\n|turn|20\n|\n|t:|1782788573\n|switch|p2a: Scream Tail|Scream Tail, L84|330/330\n|cant|p1a: Spiritomb|slp\n|\n|upkeep\n|turn|21\n|\n|t:|1782788588\n|switch|p1a: Alcremie|Alcremie, L90, F|263/263\n|-damage|p1a: Alcremie|231/263|[from] Stealth Rock\n|move|p2a: Scream Tail|Play Rough|p1a: Alcremie\n|-damage|p1a: Alcremie|149/263\n|\n|-heal|p1a: Alcremie|165/263|[from] item: Leftovers\n|upkeep\n|turn|22\n|\n|t:|1782788592\n|move|p2a: Scream Tail|Play Rough|p1a: Alcremie\n|-damage|p1a: Alcremie|84/263\n|move|p1a: Alcremie|Alluring Voice|p2a: Scream Tail\n|-damage|p2a: Scream Tail|237/330\n|\n|-heal|p2a: Scream Tail|257/330|[from] item: Leftovers\n|-heal|p1a: Alcremie|100/263|[from] item: Leftovers\n|upkeep\n|turn|23\n|\n|t:|1782788598\n|move|p2a: Scream Tail|Play Rough|p1a: Alcremie|[miss]\n|-miss|p2a: Scream Tail|p1a: Alcremie\n|move|p1a: Alcremie|Recover|p1a: Alcremie\n|-heal|p1a: Alcremie|232/263\n|\n|-heal|p2a: Scream Tail|277/330|[from] item: Leftovers\n|-heal|p1a: Alcremie|248/263|[from] item: Leftovers\n|upkeep\n|turn|24\n|\n|t:|1782788602\n|move|p2a: Scream Tail|Encore|p1a: Alcremie\n|-block|p1a: Alcremie|ability: Aroma Veil|[of] p1a: Alcremie\n|move|p1a: Alcremie|Alluring Voice|p2a: Scream Tail\n|-damage|p2a: Scream Tail|195/330\n|\n|-heal|p2a: Scream Tail|215/330|[from] item: Leftovers\n|-heal|p1a: Alcremie|263/263|[from] item: Leftovers\n|upkeep\n|turn|25\n|\n|t:|1782788613\n|switch|p1a: Comfey|Comfey, L85, M|225/225\n|-damage|p1a: Comfey|197/225|[from] Stealth Rock\n|move|p2a: Scream Tail|Wish|p2a: Scream Tail\n|\n|-heal|p2a: Scream Tail|235/330|[from] item: Leftovers\n|-heal|p1a: Comfey|211/225|[from] item: Leftovers\n|upkeep\n|turn|26\n|\n|t:|1782788618\n|-end|p2a: Scream Tail|Protosynthesis|[silent]\n|switch|p2a: Registeel|Registeel, L81|262/262\n|move|p1a: Comfey|Calm Mind|p1a: Comfey\n|-boost|p1a: Comfey|spa|1\n|-boost|p1a: Comfey|spd|1\n|\n|-heal|p1a: Comfey|225/225|[from] item: Leftovers\n|upkeep\n|turn|27\n|\n|t:|1782788623\n|switch|p1a: Spiritomb|Spiritomb, L89, M|234/234 slp\n|-damage|p1a: Spiritomb|205/234 slp|[from] Stealth Rock\n|move|p2a: Registeel|Iron Head|p1a: Spiritomb\n|-damage|p1a: Spiritomb|151/234 slp\n|\n|-heal|p1a: Spiritomb|165/234 slp|[from] item: Leftovers\n|upkeep\n|turn|28\n|\n|t:|1782788629\n|switch|p2a: Misdreavus|Misdreavus, L90, M|254/254\n|-curestatus|p1a: Spiritomb|slp|[msg]\n|move|p1a: Spiritomb|Will-O-Wisp|p2a: Misdreavus\n|-status|p2a: Misdreavus|brn\n|\n|-heal|p1a: Spiritomb|179/234|[from] item: Leftovers\n|-damage|p2a: Misdreavus|239/254 brn|[from] brn\n|upkeep\n|turn|29\n|\n|t:|1782788641\n|move|p2a: Misdreavus|Will-O-Wisp|p1a: Spiritomb\n|-status|p1a: Spiritomb|brn\n|move|p1a: Spiritomb|Poltergeist|p2a: Misdreavus|[miss]\n|-miss|p1a: Spiritomb|p2a: Misdreavus\n|\n|-heal|p1a: Spiritomb|193/234 brn|[from] item: Leftovers\n|-damage|p2a: Misdreavus|224/254 brn|[from] brn\n|-damage|p1a: Spiritomb|179/234 brn|[from] brn\n|upkeep\n|turn|30\n|\n|t:|1782788647\n|move|p2a: Misdreavus|Calm Mind|p2a: Misdreavus\n|-boost|p2a: Misdreavus|spa|1\n|-boost|p2a: Misdreavus|spd|1\n|move|p1a: Spiritomb|Foul Play|p2a: Misdreavus\n|-supereffective|p2a: Misdreavus\n|-damage|p2a: Misdreavus|173/254 brn\n|\n|-heal|p1a: Spiritomb|193/234 brn|[from] item: Leftovers\n|-damage|p2a: Misdreavus|158/254 brn|[from] brn\n|-damage|p1a: Spiritomb|179/234 brn|[from] brn\n|upkeep\n|turn|31\n|\n|t:|1782788661\n|switch|p1a: Alcremie|Alcremie, L90, F|263/263\n|-damage|p1a: Alcremie|231/263|[from] Stealth Rock\n|move|p2a: Misdreavus|Draining Kiss|p1a: Alcremie\n|-damage|p1a: Alcremie|190/263\n|-heal|p2a: Misdreavus|189/254 brn|[from] drain|[of] p1a: Alcremie\n|\n|-heal|p1a: Alcremie|206/263|[from] item: Leftovers\n|-damage|p2a: Misdreavus|174/254 brn|[from] brn\n|upkeep\n|turn|32\n|\n|t:|1782788671\n|switch|p2a: Registeel|Registeel, L81|262/262\n|move|p1a: Alcremie|Alluring Voice|p2a: Registeel\n|-resisted|p2a: Registeel\n|-damage|p2a: Registeel|226/262\n|\n|-heal|p1a: Alcremie|222/263|[from] item: Leftovers\n|upkeep\n|turn|33\n|\n|t:|1782788680\n|switch|p1a: Spiritomb|Spiritomb, L89, M|179/234 brn\n|-damage|p1a: Spiritomb|150/234 brn|[from] Stealth Rock\n|move|p2a: Registeel|Iron Head|p1a: Spiritomb\n|-damage|p1a: Spiritomb|98/234 brn\n|\n|-heal|p1a: Spiritomb|112/234 brn|[from] item: Leftovers\n|-damage|p1a: Spiritomb|98/234 brn|[from] brn\n|upkeep\n|turn|34\n|\n|t:|1782788687\n|move|p2a: Registeel|Iron Head|p1a: Spiritomb\n|-damage|p1a: Spiritomb|44/234 brn\n|move|p1a: Spiritomb|Pain Split|p2a: Registeel\n|-sethp|p2a: Registeel|135/262|[from] move: Pain Split|[silent]\n|-sethp|p1a: Spiritomb|135/234 brn|[from] move: Pain Split\n|\n|-heal|p1a: Spiritomb|149/234 brn|[from] item: Leftovers\n|-damage|p1a: Spiritomb|135/234 brn|[from] brn\n|upkeep\n|turn|35\n|\n|t:|1782788700\n|switch|p2a: Misdreavus|Misdreavus, L90, M|174/254 brn\n|move|p1a: Spiritomb|Will-O-Wisp|p2a: Misdreavus\n|-fail|p2a: Misdreavus|brn\n|\n|-heal|p1a: Spiritomb|149/234 brn|[from] item: Leftovers\n|-damage|p2a: Misdreavus|159/254 brn|[from] brn\n|-damage|p1a: Spiritomb|135/234 brn|[from] brn\n|upkeep\n|turn|36\n|\n|t:|1782788704\n|move|p2a: Misdreavus|Draining Kiss|p1a: Spiritomb\n|-supereffective|p1a: Spiritomb\n|-damage|p1a: Spiritomb|77/234 brn\n|-heal|p2a: Misdreavus|203/254 brn|[from] drain|[of] p1a: Spiritomb\n|move|p1a: Spiritomb|Poltergeist|p2a: Misdreavus\n|-activate|p2a: Misdreavus|move: Poltergeist|Eviolite\n|-supereffective|p2a: Misdreavus\n|-damage|p2a: Misdreavus|104/254 brn\n|\n|-heal|p1a: Spiritomb|91/234 brn|[from] item: Leftovers\n|-damage|p2a: Misdreavus|89/254 brn|[from] brn\n|-damage|p1a: Spiritomb|77/234 brn|[from] brn\n|upkeep\n|turn|37\n|\n|t:|1782788714\n|switch|p1a: Alcremie|Alcremie, L90, F|222/263\n|-damage|p1a: Alcremie|190/263|[from] Stealth Rock\n|move|p2a: Misdreavus|Draining Kiss|p1a: Alcremie\n|-damage|p1a: Alcremie|162/263\n|-heal|p2a: Misdreavus|110/254 brn|[from] drain|[of] p1a: Alcremie\n|\n|-heal|p1a: Alcremie|178/263|[from] item: Leftovers\n|-damage|p2a: Misdreavus|95/254 brn|[from] brn\n|upkeep\n|turn|38\n|\n|t:|1782788723\n|switch|p2a: Scream Tail|Scream Tail, L84|235/330\n|move|p1a: Alcremie|Recover|p1a: Alcremie\n|-heal|p1a: Alcremie|263/263\n|\n|-heal|p2a: Scream Tail|255/330|[from] item: Leftovers\n|upkeep\n|turn|39\n|\n|t:|1782788743\n|switch|p1a: Comfey|Comfey, L85, M|225/225\n|-damage|p1a: Comfey|197/225|[from] Stealth Rock\n|move|p2a: Scream Tail|Wish|p2a: Scream Tail\n|\n|-heal|p2a: Scream Tail|275/330|[from] item: Leftovers\n|-heal|p1a: Comfey|211/225|[from] item: Leftovers\n|upkeep\n|turn|40\n|\n|t:|1782788747\n|-end|p2a: Scream Tail|Protosynthesis|[silent]\n|switch|p2a: Registeel|Registeel, L81|135/262\n|move|p1a: Comfey|Calm Mind|p1a: Comfey\n|-boost|p1a: Comfey|spa|1\n|-boost|p1a: Comfey|spd|1\n|\n|-heal|p2a: Registeel|262/262|[from] move: Wish|[wisher] Scream Tail\n|-heal|p1a: Comfey|225/225|[from] item: Leftovers\n|upkeep\n|turn|41\n|\n|t:|1782788752\n|switch|p1a: Spiritomb|Spiritomb, L89, M|77/234 brn\n|-damage|p1a: Spiritomb|48/234 brn|[from] Stealth Rock\n|move|p2a: Registeel|Iron Head|p1a: Spiritomb\n|-damage|p1a: Spiritomb|0 fnt\n|faint|p1a: Spiritomb\n|\n|upkeep\n|\n|t:|1782788755\n|switch|p1a: Mudsdale|Mudsdale, L83, F|302/302\n|-damage|p1a: Mudsdale|284/302|[from] Stealth Rock\n|turn|42\n|\n|t:|1782788762\n|move|p2a: Registeel|Iron Defense|p2a: Registeel\n|-boost|p2a: Registeel|def|2\n|move|p1a: Mudsdale|Heavy Slam|p2a: Registeel\n|-resisted|p2a: Registeel\n|-damage|p2a: Registeel|246/262\n|\n|-heal|p1a: Mudsdale|302/302|[from] item: Leftovers\n|upkeep\n|turn|43\n|\n|t:|1782788780\n|move|p2a: Registeel|Iron Defense|p2a: Registeel\n|-boost|p2a: Registeel|def|2\n|move|p1a: Mudsdale|Earthquake|p2a: Registeel\n|-supereffective|p2a: Registeel\n|-damage|p2a: Registeel|190/262\n|\n|upkeep\n|turn|44\n|\n|t:|1782788785\n|move|p2a: Registeel|Iron Defense|p2a: Registeel\n|-boost|p2a: Registeel|def|2\n|move|p1a: Mudsdale|Roar|p2a: Registeel\n|drag|p2a: Scream Tail|Scream Tail, L84|275/330\n|\n|-heal|p2a: Scream Tail|295/330|[from] item: Leftovers\n|upkeep\n|turn|45\n|\n|t:|1782788791\n|move|p2a: Scream Tail|Encore|p1a: Mudsdale\n|-start|p1a: Mudsdale|Encore\n|move|p1a: Mudsdale|Roar|p2a: Scream Tail\n|-end|p2a: Scream Tail|Protosynthesis|[silent]\n|drag|p2a: Bronzong|Bronzong, L88|225/261 brn\n|\n|-heal|p2a: Bronzong|241/261 brn|[from] item: Leftovers\n|-damage|p2a: Bronzong|225/261 brn|[from] brn\n|upkeep\n|turn|46\n|\n|t:|1782788803\n|switch|p1a: Leavanny|Leavanny, L86, M|269/269\n|move|p2a: Bronzong|Hypnosis|p1a: Leavanny|[miss]\n|-miss|p2a: Bronzong|p1a: Leavanny\n|\n|-heal|p2a: Bronzong|241/261 brn|[from] item: Leftovers\n|-damage|p2a: Bronzong|225/261 brn|[from] brn\n|upkeep\n|turn|47\n|\n|t:|1782788808\n|move|p1a: Leavanny|Knock Off|p2a: Bronzong\n|-supereffective|p2a: Bronzong\n|-damage|p2a: Bronzong|103/261 brn\n|-enditem|p2a: Bronzong|Leftovers|[from] move: Knock Off|[of] p1a: Leavanny\n|move|p2a: Bronzong|Hypnosis|p1a: Leavanny\n|-status|p1a: Leavanny|slp|[from] move: Hypnosis\n|\n|-damage|p2a: Bronzong|87/261 brn|[from] brn\n|upkeep\n|turn|48\n|\n|t:|1782788816\n|switch|p2a: Registeel|Registeel, L81|190/262\n|cant|p1a: Leavanny|slp\n|\n|upkeep\n|turn|49\n|\n|t:|1782788824\n|switch|p1a: Mudsdale|Mudsdale, L83, F|302/302\n|-damage|p1a: Mudsdale|284/302|[from] Stealth Rock\n|move|p2a: Registeel|Iron Defense|p2a: Registeel\n|-boost|p2a: Registeel|def|2\n|\n|-heal|p1a: Mudsdale|302/302|[from] item: Leftovers\n|upkeep\n|turn|50\n|\n|t:|1782788831\n|move|p2a: Registeel|Body Press|p1a: Mudsdale\n|-damage|p1a: Mudsdale|168/302\n|-ability|p1a: Mudsdale|Stamina|boost\n|-boost|p1a: Mudsdale|def|1\n|move|p1a: Mudsdale|Roar|p2a: Registeel\n|drag|p2a: Bronzong|Bronzong, L88|87/261 brn\n|\n|-heal|p1a: Mudsdale|186/302|[from] item: Leftovers\n|-damage|p2a: Bronzong|71/261 brn|[from] brn\n|upkeep\n|turn|51\n|\n|t:|1782788852\n|switch|p1a: Comfey|Comfey, L85, M|225/225\n|-damage|p1a: Comfey|197/225|[from] Stealth Rock\n|move|p2a: Bronzong|Psychic|p1a: Comfey\n|-damage|p1a: Comfey|125/225\n|-unboost|p1a: Comfey|spd|1\n|\n|-heal|p1a: Comfey|139/225|[from] item: Leftovers\n|-damage|p2a: Bronzong|55/261 brn|[from] brn\n|upkeep\n|turn|52\n|\n|t:|1782788858\n|move|p1a: Comfey|Calm Mind|p1a: Comfey\n|-boost|p1a: Comfey|spa|1\n|-boost|p1a: Comfey|spd|1\n|move|p2a: Bronzong|Psychic|p1a: Comfey\n|-damage|p1a: Comfey|66/225\n|\n|-heal|p1a: Comfey|80/225|[from] item: Leftovers\n|-damage|p2a: Bronzong|39/261 brn|[from] brn\n|upkeep\n|turn|53\n|\n|t:|1782788862\n|switch|p2a: Registeel|Registeel, L81|190/262\n|move|p1a: Comfey|Draining Kiss|p2a: Registeel\n|-resisted|p2a: Registeel\n|-damage|p2a: Registeel|164/262\n|-heal|p1a: Comfey|100/225|[from] drain|[of] p2a: Registeel\n|\n|-heal|p1a: Comfey|114/225|[from] item: Leftovers\n|upkeep\n|turn|54\n|\n|t:|1782788867\n|switch|p1a: Leavanny|Leavanny, L86, M|269/269 slp\n|move|p2a: Registeel|Iron Head|p1a: Leavanny\n|-damage|p1a: Leavanny|194/269 slp\n|\n|upkeep\n|turn|55\n|\n|t:|1782788871\n|-curestatus|p1a: Leavanny|slp|[msg]\n|move|p1a: Leavanny|Knock Off|p2a: Registeel\n|-damage|p2a: Registeel|131/262\n|move|p2a: Registeel|Iron Defense|p2a: Registeel\n|-boost|p2a: Registeel|def|2\n|\n|upkeep\n|turn|56\n|\n|t:|1782788881\n|switch|p1a: Mudsdale|Mudsdale, L83, F|186/302\n|-damage|p1a: Mudsdale|168/302|[from] Stealth Rock\n|move|p2a: Registeel|Iron Head|p1a: Mudsdale\n|-damage|p1a: Mudsdale|108/302\n|-ability|p1a: Mudsdale|Stamina|boost\n|-boost|p1a: Mudsdale|def|1\n|\n|-heal|p1a: Mudsdale|126/302|[from] item: Leftovers\n|upkeep\n|turn|57\n|\n|t:|1782788887\n|move|p2a: Registeel|Body Press|p1a: Mudsdale\n|-damage|p1a: Mudsdale|40/302\n|-ability|p1a: Mudsdale|Stamina|boost\n|-boost|p1a: Mudsdale|def|1\n|move|p1a: Mudsdale|Roar|p2a: Registeel\n|drag|p2a: Bronzong|Bronzong, L88|39/261 brn\n|\n|-heal|p1a: Mudsdale|58/302|[from] item: Leftovers\n|-damage|p2a: Bronzong|23/261 brn|[from] brn\n|upkeep\n|turn|58\n|\n|t:|1782788902\n|move|p2a: Bronzong|Psychic|p1a: Mudsdale\n|-damage|p1a: Mudsdale|0 fnt\n|faint|p1a: Mudsdale\n|\n|-damage|p2a: Bronzong|7/261 brn|[from] brn\n|upkeep\n|\n|t:|1782788907\n|switch|p1a: Comfey|Comfey, L85, M|114/225\n|-damage|p1a: Comfey|86/225|[from] Stealth Rock\n|turn|59\n|\n|t:|1782788911\n|move|p1a: Comfey|Calm Mind|p1a: Comfey\n|-boost|p1a: Comfey|spa|1\n|-boost|p1a: Comfey|spd|1\n|move|p2a: Bronzong|Hypnosis|p1a: Comfey\n|-status|p1a: Comfey|slp|[from] move: Hypnosis\n|\n|-heal|p1a: Comfey|100/225 slp|[from] item: Leftovers\n|-damage|p2a: Bronzong|0 fnt|[from] brn\n|faint|p2a: Bronzong\n|upkeep\n|\n|t:|1782788917\n|switch|p2a: Registeel|Registeel, L81|131/262\n|turn|60\n|\n|t:|1782788920\n|cant|p1a: Comfey|slp\n|move|p2a: Registeel|Iron Defense|p2a: Registeel\n|-boost|p2a: Registeel|def|2\n|\n|-heal|p1a: Comfey|114/225 slp|[from] item: Leftovers\n|upkeep\n|turn|61\n|\n|t:|1782788923\n|-curestatus|p1a: Comfey|slp|[msg]\n|move|p1a: Comfey|Calm Mind|p1a: Comfey\n|-boost|p1a: Comfey|spa|1\n|-boost|p1a: Comfey|spd|1\n|move|p2a: Registeel|Iron Head|p1a: Comfey\n|-supereffective|p1a: Comfey\n|-damage|p1a: Comfey|0 fnt\n|faint|p1a: Comfey\n|\n|upkeep\n|\n|t:|1782788926\n|switch|p1a: Morpeko|Morpeko, L88, M|245/245\n|turn|62\n|\n|t:|1782788929\n|move|p1a: Morpeko|Parting Shot|p2a: Registeel\n|-fail|p2a: Registeel|unboost|[from] ability: Clear Body|[of] p2a: Registeel\n|move|p2a: Registeel|Body Press|p1a: Morpeko\n|-supereffective|p1a: Morpeko\n|-damage|p1a: Morpeko|0 fnt\n|faint|p1a: Morpeko\n|\n|upkeep\n|-message|Archaerus forfeited.\n|\n|win|AnonymousBW\n|raw|Archaerus's rating: 1530 &rarr; <strong>1512</strong><br />(-18 for losing)\n|raw|AnonymousBW's rating: 1571 &rarr; <strong>1589</strong><br />(+18 for winning)\n|l|\u2606Archaerus\n|player|p1|\n", "inputlog": ">version f8ac14003a5f27e1bdc8d8c59608a773c1cb96e5\n>start {\"formatid\":\"gen9randombattle\",\"seed\":\"sodium,9bc9ff705281fc3131d0b5b4127ad395\",\"rated\":\"Rated battle\"}\n>player p1 {\"name\":\"Archaerus\",\"avatar\":\"169\",\"rating\":1530,\"seed\":\"sodium,8b314bc130db4403e01c4ac5419618ee\"}\n>player p2 {\"name\":\"AnonymousBW\",\"avatar\":\"lucas\",\"rating\":1571,\"seed\":\"sodium,3bae58dc94f26c614a1cedfeb05bf8bc\"}\n>p1 move protect\n>p2 switch 3\n>p1 move partingshot\n>p2 move irondefense\n>p1 switch 6\n>p2 move irondefense\n>p1 move willowisp\n>p2 move ironhead\n>p1 move painsplit\n>p2 move irondefense\n>p1 move poltergeist\n>p2 move ironhead\n>p1 move poltergeist\n>p2 move ironhead\n>p1 move poltergeist\n>p2 move ironhead\n>p1 move poltergeist\n>p2 move ironhead\n>p1 move willowisp\n>p2 move ironhead\n>p1 move willowisp\n>p2 move ironhead\n>p1 move willowisp\n>p2 move ironhead\n>p1 move poltergeist\n>p2 move ironhead\n>p1 move willowisp\n>p2 move rest\n>p1 move willowisp\n>p2 switch 5\n>p1 move poltergeist\n>p2 move stealthrock\n>p1 move poltergeist\n>p2 switch 5\n>p1 move willowisp\n>p2 switch 5\n>p1 move painsplit\n>p2 move hypnosis\n>p1 move willowisp\n>p2 switch 4\n>p1 switch 4\n>p2 move playrough\n>p1 move alluringvoice\n>p2 move playrough\n>p1 move recover\n>p2 move playrough\n>p1 move alluringvoice\n>p2 move encore\n>p1 switch 3\n>p2 move wish\n>p1 move calmmind\n>p2 switch 5\n>p1 switch 4\n>p2 move ironhead\n>p1 move willowisp\n>p2 switch 3\n>p1 move poltergeist\n>p2 move willowisp\n>p1 move foulplay\n>p2 move calmmind\n>p1 switch 3\n>p2 move drainingkiss\n>p1 move alluringvoice\n>p2 switch 3\n>p1 switch 3\n>p2 move ironhead\n>p1 move painsplit\n>p2 move ironhead\n>p1 move willowisp\n>p2 switch 3\n>p1 move poltergeist\n>p2 move drainingkiss\n>p1 switch 3\n>p2 move drainingkiss\n>p1 move recover\n>p2 switch 5\n>p1 switch 4\n>p2 move wish\n>p1 move calmmind\n>p2 switch 3\n>p1 switch 3\n>p2 move ironhead\n>p1 switch 5\n>p1 move heavyslam\n>p2 move irondefense\n>p1 move earthquake\n>p2 move irondefense\n>p1 move roar\n>p2 move irondefense\n>p1 move heavyslam\n>p2 move encore\n>p1 switch 2\n>p2 move hypnosis\n>p1 move knockoff\n>p2 move hypnosis\n>p1 move knockoff\n>p2 switch 3\n>p1 switch 2\n>p2 move irondefense\n>p1 move roar\n>p2 move bodypress\n>p1 switch 3\n>p2 move psychic\n>p1 move calmmind\n>p2 move psychic\n>p1 move drainingkiss\n>p2 switch 3\n>p1 switch 2\n>p2 move ironhead\n>p1 move knockoff\n>p2 move irondefense\n>p1 switch 3\n>p2 move ironhead\n>p1 move roar\n>p2 move bodypress\n>p1 move heavyslam\n>p2 move psychic\n>p1 switch 2\n>p1 move calmmind\n>p2 move hypnosis\n>p2 switch 3\n>p1 move calmmind\n>p2 move irondefense\n>p1 move calmmind\n>p2 move ironhead\n>p1 switch 6\n>p1 move partingshot\n>p2 move bodypress\n>forcelose p1", "uploadtime": 1782788937, "views": 2, "formatid": "gen9randombattle", "rating": 1512, "private": 0, "password": null, "player_dets": [{"name": "Archaerus", "avatar": "169", "rating": 1530, "seed": "sodium,8b314bc130db4403e01c4ac5419618ee"}, {"name": "AnonymousBW", "avatar": "lucas", "rating": 1571, "seed": "sodium,3bae58dc94f26c614a1cedfeb05bf8bc"}], "teams_full": [{"Morpeko": {"name": "Morpeko", "species": "Morpeko", "speciesId": "morpeko", "gender": "M", "shiny": false, "level": 88, "moves": ["rapidspin", "aurawheel", "protect", "partingshot"], "ability": "Hunger Switch", "evs": {"hp": 85, "atk": 85, "def": 85, "spa": 85, "spd": 85, "spe": 85}, "ivs": {"hp": 31, "atk": 31, "def": 31, "spa": 31, "spd": 31, "spe": 31}, "item": "Heavy-Duty Boots", "teraType": "Electric", "role": "Fast Support", "bvs": {"hp": 58, "atk": 95, "def": 58, "spa": 70, "spd": 58, "spe": 97}, "stats": {"hp": 245, "atk": 217, "def": 152, "spa": 173, "spd": 152, "spe": 221}, "types": ["Electric", "Dark"]}, "Leavanny": {"name": "Leavanny", "species": "Leavanny", "speciesId": "leavanny", "gender": "M", "shiny": false, "level": 86, "moves": ["lunge", "stickyweb", "knockoff", "leafblade"], "ability": "Swarm", "evs": {"hp": 85, "atk": 85, "def": 85, "spa": 85, "spd": 85, "spe": 85}, "ivs": {"hp": 31, "atk": 31, "def": 31, "spa": 31, "spd": 31, "spe": 31}, "item": "Heavy-Duty Boots", "teraType": "Rock", "role": "Fast Support", "bvs": {"hp": 75, "atk": 103, "def": 80, "spa": 70, "spd": 80, "spe": 92}, "stats": {"hp": 269, "atk": 226, "def": 187, "spa": 170, "spd": 187, "spe": 207}, "types": ["Bug", "Grass"]}, "Comfey": {"name": "Comfey", "species": "Comfey", "speciesId": "comfey", "gender": "M", "shiny": false, "level": 85, "moves": ["gigadrain", "calmmind", "drainingkiss", "storedpower"], "ability": "Triage", "evs": {"hp": 85, "atk": 0, "def": 85, "spa": 85, "spd": 85, "spe": 85}, "ivs": {"hp": 31, "atk": 0, "def": 31, "spa": 31, "spd": 31, "spe": 31}, "item": "Leftovers", "teraType": "Fairy", "role": "Bulky Setup", "bvs": {"hp": 51, "atk": 52, "def": 90, "spa": 82, "spd": 110, "spe": 100}, "stats": {"hp": 225, "atk": 93, "def": 202, "spa": 188, "spd": 236, "spe": 219}, "types": ["Fairy"]}, "Alcremie": {"name": "Alcremie", "species": "Alcremie", "speciesId": "alcremie", "gender": "F", "shiny": false, "level": 90, "moves": ["recover", "alluringvoice", "calmmind", "psyshock"], "ability": "Aroma Veil", "evs": {"hp": 85, "atk": 0, "def": 85, "spa": 85, "spd": 85, "spe": 85}, "ivs": {"hp": 31, "atk": 0, "def": 31, "spa": 31, "spd": 31, "spe": 31}, "item": "Leftovers", "teraType": "Steel", "role": "Bulky Setup", "bvs": {"hp": 65, "atk": 60, "def": 75, "spa": 110, "spd": 121, "spe": 64}, "stats": {"hp": 263, "atk": 113, "def": 186, "spa": 249, "spd": 269, "spe": 167}, "types": ["Fairy"]}, "Mudsdale": {"name": "Mudsdale", "species": "Mudsdale", "speciesId": "mudsdale", "gender": "F", "shiny": false, "level": 83, "moves": ["earthquake", "roar", "stoneedge", "heavyslam"], "ability": "Stamina", "evs": {"hp": 85, "atk": 85, "def": 85, "spa": 85, "spd": 85, "spe": 85}, "ivs": {"hp": 31, "atk": 31, "def": 31, "spa": 31, "spd": 31, "spe": 31}, "item": "Leftovers", "teraType": "Steel", "role": "Bulky Attacker", "bvs": {"hp": 100, "atk": 125, "def": 100, "spa": 55, "spd": 85, "spe": 35}, "stats": {"hp": 302, "atk": 255, "def": 214, "spa": 139, "spd": 189, "spe": 106}, "types": ["Ground"]}, "Spiritomb": {"name": "Spiritomb", "species": "Spiritomb", "speciesId": "spiritomb", "gender": "M", "shiny": false, "level": 89, "moves": ["willowisp", "painsplit", "poltergeist", "foulplay"], "ability": "Infiltrator", "evs": {"hp": 85, "atk": 85, "def": 85, "spa": 85, "spd": 85, "spe": 85}, "ivs": {"hp": 31, "atk": 31, "def": 31, "spa": 31, "spd": 31, "spe": 31}, "item": "Leftovers", "teraType": "Steel", "role": "Bulky Support", "bvs": {"hp": 50, "atk": 92, "def": 108, "spa": 92, "spd": 108, "spe": 35}, "stats": {"hp": 234, "atk": 215, "def": 243, "spa": 215, "spd": 243, "spe": 113}, "types": ["Ghost", "Dark"]}}, {"Misdreavus": {"name": "Misdreavus", "species": "Misdreavus", "speciesId": "misdreavus", "gender": "M", "shiny": false, "level": 90, "moves": ["drainingkiss", "calmmind", "willowisp", "shadowball"], "ability": "Levitate", "evs": {"hp": 85, "atk": 0, "def": 85, "spa": 85, "spd": 85, "spe": 85}, "ivs": {"hp": 31, "atk": 0, "def": 31, "spa": 31, "spd": 31, "spe": 31}, "item": "Eviolite", "teraType": "Fairy", "role": "Bulky Setup", "bvs": {"hp": 60, "atk": 60, "def": 60, "spa": 85, "spd": 85, "spe": 85}, "stats": {"hp": 254, "atk": 113, "def": 159, "spa": 204, "spd": 204, "spe": 204}, "types": ["Ghost"]}, "Iron Bundle": {"name": "Iron Bundle", "species": "Iron Bundle", "speciesId": "ironbundle", "gender": "N", "shiny": false, "level": 78, "moves": ["freezedry", "icebeam", "hydropump", "flipturn"], "ability": "Quark Drive", "evs": {"hp": 85, "atk": 85, "def": 85, "spa": 85, "spd": 85, "spe": 85}, "ivs": {"hp": 31, "atk": 31, "def": 31, "spa": 31, "spd": 31, "spe": 31}, "item": "Choice Specs", "teraType": "Water", "role": "Fast Attacker", "bvs": {"hp": 56, "atk": 80, "def": 114, "spa": 124, "spd": 60, "spe": 136}, "stats": {"hp": 215, "atk": 170, "def": 223, "spa": 239, "spd": 139, "spe": 257}, "types": ["Ice", "Water"]}, "Registeel": {"name": "Registeel", "species": "Registeel", "speciesId": "registeel", "gender": "N", "shiny": false, "level": 81, "moves": ["ironhead", "bodypress", "irondefense", "rest"], "ability": "Clear Body", "evs": {"hp": 85, "atk": 85, "def": 85, "spa": 85, "spd": 85, "spe": 85}, "ivs": {"hp": 31, "atk": 31, "def": 31, "spa": 31, "spd": 31, "spe": 31}, "item": "Chesto Berry", "teraType": "Fighting", "role": "Bulky Setup", "bvs": {"hp": 80, "atk": 75, "def": 150, "spa": 75, "spd": 150, "spe": 50}, "stats": {"hp": 262, "atk": 168, "def": 290, "spa": 168, "spd": 290, "spe": 128}, "types": ["Steel"]}, "Scream Tail": {"name": "Scream Tail", "species": "Scream Tail", "speciesId": "screamtail", "gender": "N", "shiny": false, "level": 84, "moves": ["playrough", "encore", "wish", "protect"], "ability": "Protosynthesis", "evs": {"hp": 85, "atk": 85, "def": 85, "spa": 85, "spd": 85, "spe": 85}, "ivs": {"hp": 31, "atk": 31, "def": 31, "spa": 31, "spd": 31, "spe": 31}, "item": "Leftovers", "teraType": "Steel", "role": "Bulky Support", "bvs": {"hp": 115, "atk": 65, "def": 99, "spa": 65, "spd": 115, "spe": 111}, "stats": {"hp": 330, "atk": 157, "def": 215, "spa": 157, "spd": 241, "spe": 235}, "types": ["Fairy", "Psychic"]}, "Bronzong": {"name": "Bronzong", "species": "Bronzong", "speciesId": "bronzong", "gender": "N", "shiny": false, "level": 88, "moves": ["hypnosis", "ironhead", "psychic", "stealthrock"], "ability": "Levitate", "evs": {"hp": 85, "atk": 85, "def": 85, "spa": 85, "spd": 85, "spe": 85}, "ivs": {"hp": 31, "atk": 31, "def": 31, "spa": 31, "spd": 31, "spe": 31}, "item": "Leftovers", "teraType": "Water", "role": "Bulky Support", "bvs": {"hp": 67, "atk": 89, "def": 116, "spa": 79, "spd": 116, "spe": 33}, "stats": {"hp": 261, "atk": 207, "def": 254, "spa": 189, "spd": 254, "spe": 108}, "types": ["Steel", "Psychic"]}, "Slither Wing": {"name": "Slither Wing", "species": "Slither Wing", "speciesId": "slitherwing", "gender": "N", "shiny": false, "level": 81, "moves": ["flareblitz", "closecombat", "earthquake", "uturn"], "ability": "Protosynthesis", "evs": {"hp": 85, "atk": 85, "def": 85, "spa": 85, "spd": 85, "spe": 85}, "ivs": {"hp": 31, "atk": 31, "def": 31, "spa": 31, "spd": 31, "spe": 31}, "item": "Choice Scarf", "teraType": "Fire", "role": "Fast Attacker", "bvs": {"hp": 85, "atk": 135, "def": 79, "spa": 85, "spd": 105, "spe": 81}, "stats": {"hp": 270, "atk": 265, "def": 175, "spa": 184, "spd": 217, "spe": 178}, "types": ["Bug", "Fighting"]}}]}