{"id": "gen9randombattle-2641125196", "format": "[Gen 9] Random Battle", "players": ["notmetbh102", "dorapult"], "log": "|badge|p2|gold|gen9randombattle|3-9\n|html|<div class=\"broadcast-red\"><strong>This battle is required to be public due to one or more player having a season medal.</strong><br />During the public phase, you can discuss the state of the ladder <a href=\"/seasondiscussion\">in a special chatroom.</a></div>\n|uhtml|medal-msg|<div class=\"broadcast-blue\">Curious what those medals under the avatar are? PS now has Ladder Seasons! For more information, check out the <a href=\"https://www.smogon.com/forums/threads/3740067/\">thread on Smogon.</a></div>\n|raw|<div class=\"broadcast-blue\"><strong>This battle is required to be public due to a player having a name starting with 'medal'.</div>\n|j|\u2606notmetbh102\n|j|\u2606dorapult\n|t:|1782743645\n|gametype|singles\n|player|p1|notmetbh102|2|2225\n|player|p2|dorapult|dawn|2484\n|gen|9\n|tier|[Gen 9] Random Battle\n|rated|\n|rule|Species Clause: Limit one of each Pok\u00e9mon\n|rule|HP Percentage Mod: HP is shown in percentages\n|rule|Sleep Clause Mod: Limit one foe put to sleep\n|rule|Illusion Level Mod: Illusion disguises the Pok\u00e9mon's true level\n|\n|t:|1782743645\n|teamsize|p1|6\n|teamsize|p2|6\n|start\n|switch|p1a: Mesprit|Mesprit, L85|275/275\n|switch|p2a: Honchkrow|Honchkrow, L86, M|312/312\n|turn|1\n|inactive|Battle timer is ON: inactive players will automatically lose when time's up. (requested by notmetbh102)\n|c|\u2606notmetbh102|hf\n|\n|t:|1782743650\n|move|p1a: Mesprit|U-turn|p2a: Honchkrow\n|-damage|p2a: Honchkrow|229/312\n|j| Lil Cheeser\n|\n|t:|1782743651\n|switch|p1a: Toxapex|Toxapex, L82, F|216/216|[from] U-turn\n|move|p2a: Honchkrow|U-turn|p1a: Toxapex\n|-resisted|p1a: Toxapex\n|-damage|p1a: Toxapex|194/216\n|-damage|p2a: Honchkrow|177/312|[from] item: Rocky Helmet|[of] p1a: Toxapex\n|\n|t:|1782743667\n|switch|p2a: Metagross|Metagross, L79|256/256|[from] U-turn\n|\n|upkeep\n|turn|2\n|\n|t:|1782743670\n|move|p2a: Metagross|Stealth Rock|p1a: Toxapex\n|-sidestart|p1: notmetbh102|move: Stealth Rock\n|move|p1a: Toxapex|Toxic Spikes|p2a: Metagross\n|-sidestart|p2: dorapult|move: Toxic Spikes\n|\n|upkeep\n|turn|3\n|\n|t:|1782743673\n|switch|p2a: Skarmory|Skarmory, L80, M|235/235\n|move|p1a: Toxapex|Toxic Spikes|p2a: Skarmory\n|-sidestart|p2: dorapult|move: Toxic Spikes\n|\n|upkeep\n|turn|4\n|\n|t:|1782743674\n|switch|p1a: Krookodile|Krookodile, L79, M|280/280\n|-damage|p1a: Krookodile|263/280|[from] Stealth Rock\n|-ability|p1a: Krookodile|Intimidate|boost\n|-unboost|p2a: Skarmory|atk|1\n|move|p2a: Skarmory|Spikes|p1a: Krookodile\n|-sidestart|p1: notmetbh102|Spikes\n|\n|-heal|p1a: Krookodile|280/280|[from] item: Leftovers\n|upkeep\n|turn|5\n|\n|t:|1782743680\n|move|p1a: Krookodile|Knock Off|p2a: Skarmory\n|-damage|p2a: Skarmory|151/235\n|-enditem|p2a: Skarmory|Leftovers|[from] move: Knock Off|[of] p1a: Krookodile\n|move|p2a: Skarmory|Spikes|p1a: Krookodile\n|-sidestart|p1: notmetbh102|Spikes\n|\n|upkeep\n|turn|6\n|\n|t:|1782743685\n|move|p1a: Krookodile|Bulk Up|p1a: Krookodile\n|-boost|p1a: Krookodile|atk|1\n|-boost|p1a: Krookodile|def|1\n|move|p2a: Skarmory|Roost|p2a: Skarmory\n|-heal|p2a: Skarmory|235/235\n|-singleturn|p2a: Skarmory|move: Roost\n|\n|upkeep\n|turn|7\n|\n|t:|1782743693\n|move|p1a: Krookodile|Knock Off|p2a: Skarmory\n|-damage|p2a: Skarmory|151/235\n|move|p2a: Skarmory|Spikes|p1a: Krookodile\n|-sidestart|p1: notmetbh102|Spikes\n|\n|upkeep\n|turn|8\n|\n|t:|1782743694\n|move|p1a: Krookodile|Bulk Up|p1a: Krookodile\n|-boost|p1a: Krookodile|atk|1\n|-boost|p1a: Krookodile|def|1\n|move|p2a: Skarmory|Roost|p2a: Skarmory\n|-heal|p2a: Skarmory|235/235\n|-singleturn|p2a: Skarmory|move: Roost\n|\n|upkeep\n|turn|9\n|\n|t:|1782743696\n|move|p1a: Krookodile|Bulk Up|p1a: Krookodile\n|-boost|p1a: Krookodile|atk|1\n|-boost|p1a: Krookodile|def|1\n|move|p2a: Skarmory|Whirlwind|p1a: Krookodile\n|drag|p1a: Toxapex|Toxapex, L82, F|216/216\n|-damage|p1a: Toxapex|189/216|[from] Stealth Rock\n|-damage|p1a: Toxapex|135/216|[from] Spikes\n|\n|upkeep\n|turn|10\n|\n|t:|1782743717\n|switch|p1a: Gouging Fire|Gouging Fire, L74|277/277\n|move|p2a: Skarmory|Whirlwind|p1a: Gouging Fire\n|-end|p1a: Gouging Fire|Protosynthesis|[silent]\n|drag|p1a: Mesprit|Mesprit, L85|275/275\n|-damage|p1a: Mesprit|241/275|[from] Stealth Rock\n|\n|upkeep\n|turn|11\n|\n|t:|1782743731\n|switch|p2a: Metagross|Metagross, L79|256/256\n|move|p1a: Mesprit|Psychic Noise|p2a: Metagross\n|-resisted|p2a: Metagross\n|-damage|p2a: Metagross|233/256\n|-start|p2a: Metagross|move: Heal Block\n|\n|upkeep\n|turn|12\n|inactive|dorapult has 120 seconds left.\n|\n|t:|1782743774\n|move|p1a: Mesprit|Knock Off|p2a: Metagross\n|-supereffective|p2a: Metagross\n|-damage|p2a: Metagross|107/256\n|-enditem|p2a: Metagross|Leftovers|[from] move: Knock Off|[of] p1a: Mesprit\n|move|p2a: Metagross|Heavy Slam|p1a: Mesprit\n|-damage|p1a: Mesprit|109/275\n|\n|-end|p2a: Metagross|move: Heal Block\n|upkeep\n|turn|13\n|\n|t:|1782743777\n|-terastallize|p1a: Mesprit|Dark\n|move|p1a: Mesprit|Knock Off|p2a: Metagross\n|-supereffective|p2a: Metagross\n|-damage|p2a: Metagross|0 fnt\n|faint|p2a: Metagross\n|\n|upkeep\n|inactive|dorapult has 90 seconds left.\n|\n|t:|1782743819\n|switch|p2a: Honchkrow|Honchkrow, L86, M|177/312\n|turn|14\n|\n|t:|1782743827\n|switch|p1a: Gouging Fire|Gouging Fire, L74|277/277\n|move|p2a: Honchkrow|Brave Bird|p1a: Gouging Fire\n|-damage|p1a: Gouging Fire|139/277\n|-damage|p2a: Honchkrow|131/312|[from] Recoil\n|\n|upkeep\n|turn|15\n|\n|t:|1782743836\n|switch|p2a: Toxapex|Toxapex, L82, M|216/216\n|-sideend|p2: dorapult|move: Toxic Spikes|[of] p2a: Toxapex\n|move|p1a: Gouging Fire|Morning Sun|p1a: Gouging Fire\n|-heal|p1a: Gouging Fire|277/277\n|\n|upkeep\n|turn|16\n|\n|t:|1782743841\n|move|p1a: Gouging Fire|Dragon Dance|p1a: Gouging Fire\n|-boost|p1a: Gouging Fire|atk|1\n|-boost|p1a: Gouging Fire|spe|1\n|move|p2a: Toxapex|Toxic|p1a: Gouging Fire\n|-status|p1a: Gouging Fire|tox\n|\n|-damage|p1a: Gouging Fire|260/277 tox|[from] psn\n|upkeep\n|turn|17\n|\n|t:|1782743843\n|-end|p1a: Gouging Fire|Protosynthesis|[silent]\n|switch|p1a: Glaceon|Glaceon, L94, M|275/275\n|move|p2a: Toxapex|Haze|p2a: Toxapex\n|-clearallboost\n|\n|upkeep\n|turn|18\n|inactive|dorapult has 90 seconds left.\n|\n|t:|1782743891\n|move|p1a: Glaceon|Freeze-Dry|p2a: Toxapex\n|-supereffective|p2a: Toxapex\n|-damage|p2a: Toxapex|52/216\n|move|p2a: Toxapex|Toxic|p1a: Glaceon\n|-status|p1a: Glaceon|tox\n|\n|-heal|p2a: Toxapex|65/216|[from] item: Leftovers\n|-damage|p1a: Glaceon|258/275 tox|[from] psn\n|upkeep\n|turn|19\n|inactive|dorapult has 60 seconds left.\n|\n|t:|1782743921\n|switch|p2a: Greedent|Greedent, L86, M|347/347\n|move|p1a: Glaceon|Freeze-Dry|p2a: Greedent\n|-damage|p2a: Greedent|224/347\n|-status|p2a: Greedent|frz\n|\n|-damage|p1a: Glaceon|224/275 tox|[from] psn\n|upkeep\n|turn|20\n|\n|t:|1782743924\n|switch|p1a: Mesprit|Mesprit, L85, tera:Dark|109/275\n|-damage|p1a: Mesprit|75/275|[from] Stealth Rock\n|cant|p2a: Greedent|frz\n|\n|upkeep\n|turn|21\n|\n|t:|1782743934\n|move|p1a: Mesprit|Knock Off|p2a: Greedent\n|-damage|p2a: Greedent|115/347 frz\n|-enditem|p2a: Greedent|Sitrus Berry|[from] move: Knock Off|[of] p1a: Mesprit\n|cant|p2a: Greedent|frz\n|\n|upkeep\n|turn|22\n|\n|t:|1782743936\n|move|p1a: Mesprit|Drain Punch|p2a: Greedent\n|-supereffective|p2a: Greedent\n|-damage|p2a: Greedent|3/347 frz\n|-heal|p1a: Mesprit|131/275|[from] drain|[of] p2a: Greedent\n|cant|p2a: Greedent|frz\n|\n|upkeep\n|turn|23\n|\n|t:|1782743959\n|move|p1a: Mesprit|Knock Off|p2a: Greedent\n|-damage|p2a: Greedent|0 fnt\n|faint|p2a: Greedent\n|\n|upkeep\n|inactive|dorapult has 60 seconds left.\n|\n|t:|1782743982\n|switch|p2a: Honchkrow|Honchkrow, L86, M|131/312\n|turn|24\n|\n|t:|1782743984\n|move|p1a: Mesprit|U-turn|p2a: Honchkrow\n|-damage|p2a: Honchkrow|47/312\n|\n|t:|1782743985\n|switch|p1a: Gouging Fire|Gouging Fire, L74|260/277 tox|[from] U-turn\n|move|p2a: Honchkrow|Brave Bird|p1a: Gouging Fire\n|-damage|p1a: Gouging Fire|124/277 tox\n|-damage|p2a: Honchkrow|2/312|[from] Recoil\n|\n|-damage|p1a: Gouging Fire|107/277 tox|[from] psn\n|upkeep\n|turn|25\n|\n|t:|1782743989\n|switch|p2a: Toxapex|Toxapex, L82, M|137/216\n|move|p1a: Gouging Fire|Heat Crash|p2a: Toxapex\n|-resisted|p2a: Toxapex\n|-damage|p2a: Toxapex|101/216\n|\n|-heal|p2a: Toxapex|114/216|[from] item: Leftovers\n|-damage|p1a: Gouging Fire|73/277 tox|[from] psn\n|upkeep\n|turn|26\n|\n|t:|1782744011\n|switch|p2a: Ting-Lu|Ting-Lu, L78|370/370\n|-ability|p2a: Ting-Lu|Vessel of Ruin\n|move|p1a: Gouging Fire|Morning Sun|p1a: Gouging Fire\n|-heal|p1a: Gouging Fire|211/277 tox\n|\n|-damage|p1a: Gouging Fire|160/277 tox|[from] psn\n|upkeep\n|turn|27\n|\n|t:|1782744016\n|-end|p1a: Gouging Fire|Protosynthesis|[silent]\n|switch|p1a: Mesprit|Mesprit, L85, tera:Dark|131/275\n|-damage|p1a: Mesprit|97/275|[from] Stealth Rock\n|move|p2a: Ting-Lu|Whirlwind|p1a: Mesprit\n|drag|p1a: Gouging Fire|Gouging Fire, L74|160/277 tox\n|\n|-damage|p1a: Gouging Fire|143/277 tox|[from] psn\n|upkeep\n|turn|28\n|\n|t:|1782744021\n|-end|p1a: Gouging Fire|Protosynthesis|[silent]\n|switch|p1a: Mesprit|Mesprit, L85, tera:Dark|97/275\n|-damage|p1a: Mesprit|63/275|[from] Stealth Rock\n|move|p2a: Ting-Lu|Whirlwind|p1a: Mesprit\n|drag|p1a: Glaceon|Glaceon, L94, M|224/275 tox\n|\n|-damage|p1a: Glaceon|207/275 tox|[from] psn\n|upkeep\n|turn|29\n|l| Lil Cheeser\n|inactive|dorapult has 60 seconds left.\n|\n|t:|1782744071\n|switch|p2a: Honchkrow|Honchkrow, L86, M|2/312\n|move|p1a: Glaceon|Freeze-Dry|p2a: Honchkrow\n|-supereffective|p2a: Honchkrow\n|-damage|p2a: Honchkrow|0 fnt\n|faint|p2a: Honchkrow\n|\n|-damage|p1a: Glaceon|173/275 tox|[from] psn\n|upkeep\n|\n|t:|1782744074\n|switch|p2a: Toxapex|Toxapex, L82, M|186/216\n|turn|30\n|\n|t:|1782744080\n|-terastallize|p2a: Toxapex|Steel\n|move|p1a: Glaceon|Wish|p1a: Glaceon\n|move|p2a: Toxapex|Liquidation|p1a: Glaceon\n|-damage|p1a: Glaceon|124/275 tox\n|\n|-heal|p2a: Toxapex|199/216|[from] item: Leftovers\n|-damage|p1a: Glaceon|73/275 tox|[from] psn\n|upkeep\n|turn|31\n|\n|t:|1782744089\n|switch|p1a: Gouging Fire|Gouging Fire, L74|143/277 tox\n|move|p2a: Toxapex|Liquidation|p1a: Gouging Fire\n|-damage|p1a: Gouging Fire|88/277 tox\n|\n|-heal|p1a: Gouging Fire|225/277 tox|[from] move: Wish|[wisher] Glaceon\n|-heal|p2a: Toxapex|212/216|[from] item: Leftovers\n|-damage|p1a: Gouging Fire|208/277 tox|[from] psn\n|upkeep\n|turn|32\n|inactive|dorapult has 60 seconds left.\n|\n|t:|1782744106\n|-end|p1a: Gouging Fire|Protosynthesis|[silent]\n|switch|p1a: Glaceon|Glaceon, L94, M|73/275 tox\n|switch|p2a: Ting-Lu|Ting-Lu, L78|370/370\n|-ability|p2a: Ting-Lu|Vessel of Ruin\n|\n|-damage|p1a: Glaceon|56/275 tox|[from] psn\n|upkeep\n|turn|33\n|\n|t:|1782744113\n|move|p1a: Glaceon|Freeze-Dry|p2a: Ting-Lu\n|-supereffective|p2a: Ting-Lu\n|-damage|p2a: Ting-Lu|178/370\n|-status|p2a: Ting-Lu|frz\n|cant|p2a: Ting-Lu|frz\n|\n|-heal|p2a: Ting-Lu|201/370 frz|[from] item: Leftovers\n|-damage|p1a: Glaceon|22/275 tox|[from] psn\n|upkeep\n|turn|34\n|\n|t:|1782744116\n|switch|p2a: Toxapex|Toxapex, L82, M, tera:Steel|216/216\n|move|p1a: Glaceon|Wish|p1a: Glaceon\n|\n|-damage|p1a: Glaceon|0 fnt|[from] psn\n|faint|p1a: Glaceon\n|upkeep\n|\n|t:|1782744116\n|switch|p1a: Gouging Fire|Gouging Fire, L74|208/277 tox\n|turn|35\n|\n|t:|1782744125\n|move|p1a: Gouging Fire|Heat Crash|p2a: Toxapex\n|-supereffective|p2a: Toxapex\n|-damage|p2a: Toxapex|66/216\n|move|p2a: Toxapex|Haze|p2a: Toxapex\n|-clearallboost\n|\n|-heal|p1a: Gouging Fire|277/277 tox|[from] move: Wish|[wisher] Glaceon\n|-heal|p2a: Toxapex|79/216|[from] item: Leftovers\n|-damage|p1a: Gouging Fire|260/277 tox|[from] psn\n|upkeep\n|turn|36\n|\n|t:|1782744128\n|-end|p1a: Gouging Fire|Protosynthesis|[silent]\n|switch|p1a: Mesprit|Mesprit, L85, tera:Dark|63/275\n|-damage|p1a: Mesprit|29/275|[from] Stealth Rock\n|switch|p2a: Ting-Lu|Ting-Lu, L78|201/370 frz\n|-ability|p2a: Ting-Lu|Vessel of Ruin\n|\n|-heal|p2a: Ting-Lu|224/370 frz|[from] item: Leftovers\n|upkeep\n|turn|37\n|\n|t:|1782744130\n|switch|p2a: Skarmory|Skarmory, L80, M|235/235\n|move|p1a: Mesprit|Drain Punch|p2a: Skarmory\n|-damage|p2a: Skarmory|192/235\n|-heal|p1a: Mesprit|51/275|[from] drain|[of] p2a: Skarmory\n|\n|upkeep\n|turn|38\n|\n|t:|1782744134\n|move|p1a: Mesprit|Psychic Noise|p2a: Skarmory\n|-resisted|p2a: Skarmory\n|-damage|p2a: Skarmory|142/235\n|-start|p2a: Skarmory|move: Heal Block\n|move|p2a: Skarmory|Brave Bird|p1a: Mesprit\n|-damage|p1a: Mesprit|0 fnt\n|faint|p1a: Mesprit\n|-damage|p2a: Skarmory|125/235|[from] Recoil\n|\n|upkeep\n|\n|t:|1782744135\n|switch|p1a: Toxapex|Toxapex, L82, F|207/216\n|-damage|p1a: Toxapex|180/216|[from] Stealth Rock\n|-damage|p1a: Toxapex|126/216|[from] Spikes\n|turn|39\n|\n|t:|1782744158\n|switch|p2a: Toxapex|Toxapex, L82, M, tera:Steel|151/216\n|move|p1a: Toxapex|Liquidation|p2a: Toxapex\n|-damage|p2a: Toxapex|106/216\n|-unboost|p2a: Toxapex|def|1\n|\n|-heal|p2a: Toxapex|119/216|[from] item: Leftovers\n|upkeep\n|turn|40\n|\n|t:|1782744163\n|switch|p2a: Skarmory|Skarmory, L80, M|125/235\n|move|p1a: Toxapex|Liquidation|p2a: Skarmory\n|-damage|p2a: Skarmory|82/235\n|\n|upkeep\n|turn|41\n|\n|t:|1782744165\n|move|p2a: Skarmory|Roost|p2a: Skarmory\n|-heal|p2a: Skarmory|200/235\n|-singleturn|p2a: Skarmory|move: Roost\n|move|p1a: Toxapex|Toxic Spikes|p2a: Skarmory\n|-sidestart|p2: dorapult|move: Toxic Spikes\n|\n|upkeep\n|turn|42\n|\n|t:|1782744168\n|switch|p2a: Ting-Lu|Ting-Lu, L78|224/370 frz\n|-ability|p2a: Ting-Lu|Vessel of Ruin\n|move|p1a: Toxapex|Liquidation|p2a: Ting-Lu\n|-supereffective|p2a: Ting-Lu\n|-damage|p2a: Ting-Lu|114/370 frz\n|-unboost|p2a: Ting-Lu|def|1\n|\n|-heal|p2a: Ting-Lu|137/370 frz|[from] item: Leftovers\n|upkeep\n|turn|43\n|\n|t:|1782744170\n|switch|p2a: Toxapex|Toxapex, L82, M, tera:Steel|191/216\n|move|p1a: Toxapex|Liquidation|p2a: Toxapex\n|-damage|p2a: Toxapex|152/216\n|\n|-heal|p2a: Toxapex|165/216|[from] item: Leftovers\n|upkeep\n|turn|44\n|\n|t:|1782744175\n|switch|p2a: Skarmory|Skarmory, L80, M|200/235\n|move|p1a: Toxapex|Recover|p1a: Toxapex\n|-heal|p1a: Toxapex|216/216\n|\n|upkeep\n|turn|45\n|\n|t:|1782744178\n|move|p1a: Toxapex|Liquidation|p2a: Skarmory\n|-damage|p2a: Skarmory|152/235\n|move|p2a: Skarmory|Whirlwind|p1a: Toxapex\n|drag|p1a: Krookodile|Krookodile, L79, M|280/280\n|-damage|p1a: Krookodile|263/280|[from] Stealth Rock\n|-damage|p1a: Krookodile|193/280|[from] Spikes\n|-ability|p1a: Krookodile|Intimidate|boost\n|-unboost|p2a: Skarmory|atk|1\n|\n|-heal|p1a: Krookodile|210/280|[from] item: Leftovers\n|upkeep\n|turn|46\n|\n|t:|1782744181\n|move|p1a: Krookodile|Knock Off|p2a: Skarmory\n|-damage|p2a: Skarmory|104/235\n|move|p2a: Skarmory|Roost|p2a: Skarmory\n|-heal|p2a: Skarmory|222/235\n|-singleturn|p2a: Skarmory|move: Roost\n|\n|-heal|p1a: Krookodile|227/280|[from] item: Leftovers\n|upkeep\n|turn|47\n|\n|t:|1782744182\n|move|p1a: Krookodile|Knock Off|p2a: Skarmory\n|-damage|p2a: Skarmory|168/235\n|move|p2a: Skarmory|Whirlwind|p1a: Krookodile\n|drag|p1a: Sableye|Sableye, L88, F|231/231\n|-damage|p1a: Sableye|203/231|[from] Stealth Rock\n|-damage|p1a: Sableye|146/231|[from] Spikes\n|\n|-heal|p1a: Sableye|160/231|[from] item: Leftovers\n|upkeep\n|turn|48\n|\n|t:|1782744192\n|move|p1a: Sableye|Knock Off|p2a: Skarmory\n|-damage|p2a: Skarmory|120/235\n|move|p2a: Skarmory|Whirlwind|p1a: Sableye\n|drag|p1a: Krookodile|Krookodile, L79, M|227/280\n|-damage|p1a: Krookodile|210/280|[from] Stealth Rock\n|-damage|p1a: Krookodile|140/280|[from] Spikes\n|-ability|p1a: Krookodile|Intimidate|boost\n|-unboost|p2a: Skarmory|atk|1\n|\n|-heal|p1a: Krookodile|157/280|[from] item: Leftovers\n|upkeep\n|turn|49\n|\n|t:|1782744195\n|move|p1a: Krookodile|Knock Off|p2a: Skarmory\n|-damage|p2a: Skarmory|63/235\n|move|p2a: Skarmory|Roost|p2a: Skarmory\n|-heal|p2a: Skarmory|181/235\n|-singleturn|p2a: Skarmory|move: Roost\n|\n|-heal|p1a: Krookodile|174/280|[from] item: Leftovers\n|upkeep\n|turn|50\n|\n|t:|1782744199\n|move|p1a: Krookodile|Knock Off|p2a: Skarmory\n|-damage|p2a: Skarmory|129/235\n|move|p2a: Skarmory|Roost|p2a: Skarmory\n|-heal|p2a: Skarmory|235/235\n|-singleturn|p2a: Skarmory|move: Roost\n|\n|-heal|p1a: Krookodile|191/280|[from] item: Leftovers\n|upkeep\n|turn|51\n|\n|t:|1782744201\n|move|p1a: Krookodile|Knock Off|p2a: Skarmory\n|-damage|p2a: Skarmory|181/235\n|move|p2a: Skarmory|Whirlwind|p1a: Krookodile\n|drag|p1a: Gouging Fire|Gouging Fire, L74|260/277 tox\n|\n|-damage|p1a: Gouging Fire|243/277 tox|[from] psn\n|upkeep\n|turn|52\n|\n|t:|1782744204\n|-end|p1a: Gouging Fire|Protosynthesis|[silent]\n|switch|p1a: Krookodile|Krookodile, L79, M|191/280\n|-damage|p1a: Krookodile|174/280|[from] Stealth Rock\n|-damage|p1a: Krookodile|104/280|[from] Spikes\n|-ability|p1a: Krookodile|Intimidate|boost\n|-unboost|p2a: Skarmory|atk|1\n|switch|p2a: Ting-Lu|Ting-Lu, L78|137/370 frz\n|-ability|p2a: Ting-Lu|Vessel of Ruin\n|\n|-heal|p1a: Krookodile|121/280|[from] item: Leftovers\n|-heal|p2a: Ting-Lu|160/370 frz|[from] item: Leftovers\n|upkeep\n|turn|53\n|\n|t:|1782744207\n|switch|p2a: Skarmory|Skarmory, L80, M|181/235\n|move|p1a: Krookodile|Bulk Up|p1a: Krookodile\n|-boost|p1a: Krookodile|atk|1\n|-boost|p1a: Krookodile|def|1\n|\n|-heal|p1a: Krookodile|138/280|[from] item: Leftovers\n|upkeep\n|turn|54\n|\n|t:|1782744210\n|move|p1a: Krookodile|Knock Off|p2a: Skarmory\n|-damage|p2a: Skarmory|109/235\n|move|p2a: Skarmory|Whirlwind|p1a: Krookodile\n|drag|p1a: Sableye|Sableye, L88, F|160/231\n|-damage|p1a: Sableye|132/231|[from] Stealth Rock\n|-damage|p1a: Sableye|75/231|[from] Spikes\n|\n|-heal|p1a: Sableye|89/231|[from] item: Leftovers\n|upkeep\n|turn|55\n|\n|t:|1782744213\n|switch|p2a: Ting-Lu|Ting-Lu, L78|160/370 frz\n|-ability|p2a: Ting-Lu|Vessel of Ruin\n|move|p1a: Sableye|Recover|p1a: Sableye\n|-heal|p1a: Sableye|205/231\n|\n|-heal|p1a: Sableye|219/231|[from] item: Leftovers\n|-heal|p2a: Ting-Lu|183/370 frz|[from] item: Leftovers\n|upkeep\n|turn|56\n|\n|t:|1782744223\n|switch|p2a: Toxapex|Toxapex, L82, M, tera:Steel|216/216\n|move|p1a: Sableye|Knock Off|p2a: Toxapex\n|-damage|p2a: Toxapex|150/216\n|-enditem|p2a: Toxapex|Leftovers|[from] move: Knock Off|[of] p1a: Sableye\n|\n|-heal|p1a: Sableye|231/231|[from] item: Leftovers\n|upkeep\n|turn|57\n|\n|t:|1782744225\n|switch|p2a: Ting-Lu|Ting-Lu, L78|183/370 frz\n|-ability|p2a: Ting-Lu|Vessel of Ruin\n|move|p1a: Sableye|Thunder Wave|p2a: Ting-Lu\n|-immune|p2a: Ting-Lu\n|\n|-heal|p2a: Ting-Lu|206/370 frz|[from] item: Leftovers\n|upkeep\n|turn|58\n|\n|t:|1782744233\n|switch|p2a: Toxapex|Toxapex, L82, M, tera:Steel|216/216\n|move|p1a: Sableye|Knock Off|p2a: Toxapex\n|-damage|p2a: Toxapex|176/216\n|\n|upkeep\n|turn|59\n|\n|t:|1782744237\n|move|p1a: Sableye|Thunder Wave|p2a: Toxapex\n|-status|p2a: Toxapex|par\n|cant|p2a: Toxapex|par\n|\n|upkeep\n|turn|60\n|\n|t:|1782744241\n|move|p1a: Sableye|Knock Off|p2a: Toxapex\n|-damage|p2a: Toxapex|133/216 par\n|move|p2a: Toxapex|Toxic|p1a: Sableye\n|-status|p1a: Sableye|tox\n|\n|-damage|p1a: Sableye|217/231 tox|[from] psn\n|upkeep\n|turn|61\n|j| frostbyteofficial\n|\n|t:|1782744247\n|move|p1a: Sableye|Knock Off|p2a: Toxapex\n|-damage|p2a: Toxapex|88/216 par\n|move|p2a: Toxapex|Liquidation|p1a: Sableye\n|-damage|p1a: Sableye|154/231 tox\n|\n|-heal|p1a: Sableye|168/231 tox|[from] item: Leftovers\n|-damage|p1a: Sableye|140/231 tox|[from] psn\n|upkeep\n|turn|62\n|\n|t:|1782744250\n|move|p1a: Sableye|Knock Off|p2a: Toxapex\n|-damage|p2a: Toxapex|49/216 par\n|cant|p2a: Toxapex|par\n|\n|-heal|p1a: Sableye|154/231 tox|[from] item: Leftovers\n|-damage|p1a: Sableye|112/231 tox|[from] psn\n|upkeep\n|turn|63\n|l| frostbyteofficial\n|\n|t:|1782744252\n|move|p1a: Sableye|Knock Off|p2a: Toxapex\n|-damage|p2a: Toxapex|6/216 par\n|cant|p2a: Toxapex|par\n|\n|-heal|p1a: Sableye|126/231 tox|[from] item: Leftovers\n|-damage|p1a: Sableye|70/231 tox|[from] psn\n|upkeep\n|turn|64\n|\n|t:|1782744254\n|switch|p2a: Skarmory|Skarmory, L80, M|109/235\n|move|p1a: Sableye|Knock Off|p2a: Skarmory\n|-damage|p2a: Skarmory|64/235\n|\n|-heal|p1a: Sableye|84/231 tox|[from] item: Leftovers\n|-damage|p1a: Sableye|14/231 tox|[from] psn\n|upkeep\n|turn|65\n|\n|t:|1782744259\n|move|p1a: Sableye|Thunder Wave|p2a: Skarmory\n|-status|p2a: Skarmory|par\n|move|p2a: Skarmory|Roost|p2a: Skarmory\n|-heal|p2a: Skarmory|182/235 par\n|-singleturn|p2a: Skarmory|move: Roost\n|\n|-heal|p1a: Sableye|28/231 tox|[from] item: Leftovers\n|-damage|p1a: Sableye|0 fnt|[from] psn\n|faint|p1a: Sableye\n|upkeep\n|\n|t:|1782744259\n|switch|p1a: Toxapex|Toxapex, L82, F|216/216\n|-damage|p1a: Toxapex|189/216|[from] Stealth Rock\n|-damage|p1a: Toxapex|135/216|[from] Spikes\n|turn|66\n|\n|t:|1782744265\n|switch|p2a: Toxapex|Toxapex, L82, M, tera:Steel|78/216 par\n|move|p1a: Toxapex|Liquidation|p2a: Toxapex\n|-damage|p2a: Toxapex|38/216 par\n|\n|upkeep\n|turn|67\n|\n|t:|1782744267\n|switch|p2a: Skarmory|Skarmory, L80, M|182/235 par\n|move|p1a: Toxapex|Liquidation|p2a: Skarmory\n|-damage|p2a: Skarmory|136/235 par\n|\n|upkeep\n|turn|68\n|\n|t:|1782744272\n|move|p1a: Toxapex|Liquidation|p2a: Skarmory\n|-damage|p2a: Skarmory|88/235 par\n|move|p2a: Skarmory|Roost|p2a: Skarmory\n|-heal|p2a: Skarmory|206/235 par\n|-singleturn|p2a: Skarmory|move: Roost\n|\n|upkeep\n|turn|69\n|\n|t:|1782744275\n|move|p1a: Toxapex|Recover|p1a: Toxapex\n|-heal|p1a: Toxapex|216/216\n|cant|p2a: Skarmory|par\n|\n|upkeep\n|turn|70\n|\n|t:|1782744276\n|move|p1a: Toxapex|Liquidation|p2a: Skarmory\n|-damage|p2a: Skarmory|158/235 par\n|cant|p2a: Skarmory|par\n|\n|upkeep\n|turn|71\n|\n|t:|1782744279\n|switch|p2a: Toxapex|Toxapex, L82, M, tera:Steel|110/216 par\n|move|p1a: Toxapex|Liquidation|p2a: Toxapex\n|-damage|p2a: Toxapex|68/216 par\n|-unboost|p2a: Toxapex|def|1\n|\n|upkeep\n|turn|72\n|\n|t:|1782744281\n|switch|p2a: Skarmory|Skarmory, L80, M|158/235 par\n|move|p1a: Toxapex|Liquidation|p2a: Skarmory\n|-damage|p2a: Skarmory|115/235 par\n|\n|upkeep\n|turn|73\n|\n|t:|1782744285\n|move|p1a: Toxapex|Liquidation|p2a: Skarmory\n|-damage|p2a: Skarmory|70/235 par\n|-unboost|p2a: Skarmory|def|1\n|move|p2a: Skarmory|Whirlwind|p1a: Toxapex\n|drag|p1a: Krookodile|Krookodile, L79, M|138/280\n|-damage|p1a: Krookodile|121/280|[from] Stealth Rock\n|-damage|p1a: Krookodile|51/280|[from] Spikes\n|-ability|p1a: Krookodile|Intimidate|boost\n|-unboost|p2a: Skarmory|atk|1\n|\n|-heal|p1a: Krookodile|68/280|[from] item: Leftovers\n|upkeep\n|turn|74\n|\n|t:|1782744288\n|move|p1a: Krookodile|Knock Off|p2a: Skarmory\n|-crit|p2a: Skarmory\n|-damage|p2a: Skarmory|0 fnt\n|faint|p2a: Skarmory\n|\n|-heal|p1a: Krookodile|85/280|[from] item: Leftovers\n|upkeep\n|\n|t:|1782744291\n|switch|p2a: Ting-Lu|Ting-Lu, L78|206/370 frz\n|-ability|p2a: Ting-Lu|Vessel of Ruin\n|turn|75\n|\n|t:|1782744294\n|move|p1a: Krookodile|Bulk Up|p1a: Krookodile\n|-boost|p1a: Krookodile|atk|1\n|-boost|p1a: Krookodile|def|1\n|cant|p2a: Ting-Lu|frz\n|\n|-heal|p1a: Krookodile|102/280|[from] item: Leftovers\n|-heal|p2a: Ting-Lu|229/370 frz|[from] item: Leftovers\n|upkeep\n|turn|76\n|\n|t:|1782744296\n|move|p1a: Krookodile|Earthquake|p2a: Ting-Lu\n|-damage|p2a: Ting-Lu|94/370 frz\n|cant|p2a: Ting-Lu|frz\n|\n|-heal|p1a: Krookodile|119/280|[from] item: Leftovers\n|-heal|p2a: Ting-Lu|117/370 frz|[from] item: Leftovers\n|upkeep\n|turn|77\n|\n|t:|1782744298\n|move|p1a: Krookodile|Earthquake|p2a: Ting-Lu\n|-damage|p2a: Ting-Lu|0 fnt\n|faint|p2a: Ting-Lu\n|\n|-heal|p1a: Krookodile|136/280|[from] item: Leftovers\n|upkeep\n|-message|dorapult forfeited.\n|\n|win|notmetbh102\n|raw|notmetbh102's rating: 2225 &rarr; <strong>2258</strong><br />(+33 for winning)\n|raw|dorapult's rating: 2494 &rarr; <strong>2461</strong><br />(-33 for losing)\n|c|\u2606notmetbh102|gg\n|l|\u2606dorapult\n|player|p2|\n", "inputlog": ">version f8ac14003a5f27e1bdc8d8c59608a773c1cb96e5\n>start {\"formatid\":\"gen9randombattle\",\"seed\":\"sodium,a3bfbdb5dbee876c7b06a1770f717b53\",\"rated\":\"Rated battle\"}\n>player p1 {\"name\":\"notmetbh102\",\"avatar\":\"2\",\"rating\":2225,\"seed\":\"sodium,b76ea700b0bad04908265aa5b5207870\"}\n>player p2 {\"name\":\"dorapult\",\"avatar\":\"dawn\",\"rating\":2484,\"seed\":\"sodium,ceb9bddf648a34fadbc587c9866a3455\"}\n>chat \u2606notmetbh102|hf\n>p1 move uturn\n>p2 move uturn\n>p1 switch 3\n>p2 switch 3\n>p1 move toxicspikes\n>p2 move stealthrock\n>p1 move toxicspikes\n>p2 switch 2\n>p1 switch 5\n>p2 move spikes\n>p1 move knockoff\n>p2 move spikes\n>p1 move bulkup\n>p2 move roost\n>p1 move knockoff\n>p2 move spikes\n>p1 move bulkup\n>p2 move roost\n>p1 move bulkup\n>p2 move whirlwind\n>p1 switch 4\n>p2 move whirlwind\n>p1 move psychicnoise\n>p2 switch 2\n>p1 move knockoff\n>p2 move heavyslam\n>p1 move knockoff terastallize\n>p2 move heavyslam\n>p2 switch 3\n>p1 switch 3\n>p2 move bravebird\n>p1 move morningsun\n>p2 switch 4\n>p1 move dragondance\n>p2 move toxic\n>p1 switch 6\n>p2 move haze\n>p1 move freezedry\n>p2 move toxic\n>p1 move freezedry\n>p2 switch 6\n>p1 switch 3\n>p2 move knockoff\n>p1 move knockoff\n>p2 move doubleedge\n>p1 move drainpunch\n>p2 move doubleedge\n>p1 move knockoff\n>p2 move doubleedge\n>p2 switch 4\n>p1 move uturn\n>p2 move bravebird\n>p1 switch 6\n>p1 move heatcrash\n>p2 switch 6\n>p1 move morningsun\n>p2 switch 5\n>p1 switch 6\n>p2 move whirlwind\n>p1 switch 6\n>p2 move whirlwind\n>p1 move freezedry\n>p2 switch 6\n>p2 switch 5\n>p1 move wish\n>p2 move liquidation terastallize\n>p1 switch 6\n>p2 move liquidation\n>p1 switch 6\n>p2 switch 6\n>p1 move freezedry\n>p2 move whirlwind\n>p1 move wish\n>p2 switch 6\n>p1 switch 6\n>p1 move heatcrash\n>p2 move haze\n>p1 switch 3\n>p2 switch 6\n>p1 move drainpunch\n>p2 switch 2\n>p1 move psychicnoise\n>p2 move bravebird\n>p1 switch 4\n>p1 move liquidation\n>p2 switch 6\n>p1 move liquidation\n>p2 switch 6\n>p1 move toxicspikes\n>p2 move roost\n>p1 move liquidation\n>p2 switch 2\n>p1 move liquidation\n>p2 switch 6\n>p1 move recover\n>p2 switch 2\n>p1 move liquidation\n>p2 move whirlwind\n>p1 move knockoff\n>p2 move roost\n>p1 move knockoff\n>p2 move whirlwind\n>p1 move knockoff\n>p2 move whirlwind\n>p1 move knockoff\n>p2 move roost\n>p1 move knockoff\n>p2 move roost\n>p1 move knockoff\n>p2 move whirlwind\n>p1 switch 3\n>p2 switch 6\n>p1 move bulkup\n>p2 switch 6\n>p1 move knockoff\n>p2 move whirlwind\n>p1 move recover\n>p2 switch 6\n>p1 move knockoff\n>p2 switch 2\n>p1 move thunderwave\n>p2 switch 2\n>p1 move knockoff\n>p2 switch 2\n>p1 move thunderwave\n>p2 move toxic\n>p1 move knockoff\n>p2 move toxic\n>p1 move knockoff\n>p2 move liquidation\n>p1 move knockoff\n>p2 move recover\n>p1 move knockoff\n>p2 move recover\n>p1 move knockoff\n>p2 switch 6\n>p1 move thunderwave\n>p2 move roost\n>p1 switch 5\n>p1 move liquidation\n>p2 switch 6\n>p1 move liquidation\n>p2 switch 6\n>p1 move liquidation\n>p2 move roost\n>p1 move recover\n>p2 move whirlwind\n>p1 move liquidation\n>p2 move whirlwind\n>p1 move liquidation\n>p2 switch 6\n>p1 move liquidation\n>p2 switch 6\n>p1 move liquidation\n>p2 move whirlwind\n>p1 move knockoff\n>p2 move whirlwind\n>p2 switch 2\n>p1 move bulkup\n>p2 move earthquake\n>p1 move earthquake\n>p2 move whirlwind\n>p1 move earthquake\n>p2 move whirlwind\n>forcelose p2", "uploadtime": 1782744301, "views": 10, "formatid": "gen9randombattle", "rating": 2258, "private": 0, "password": null, "player_dets": [{"name": "notmetbh102", "avatar": "2", "rating": 2225, "seed": "sodium,b76ea700b0bad04908265aa5b5207870"}, {"name": "dorapult", "avatar": "dawn", "rating": 2484, "seed": "sodium,ceb9bddf648a34fadbc587c9866a3455"}], "teams_full": [{"Mesprit": {"name": "Mesprit", "species": "Mesprit", "speciesId": "mesprit", "gender": "N", "shiny": false, "level": 85, "moves": ["psychicnoise", "knockoff", "uturn", "drainpunch"], "ability": "Levitate", "evs": {"hp": 85, "atk": 85, "def": 85, "spa": 85, "spd": 85, "spe": 85}, "ivs": {"hp": 31, "atk": 31, "def": 31, "spa": 31, "spd": 31, "spe": 31}, "item": "Assault Vest", "teraType": "Dark", "role": "Bulky Attacker", "bvs": {"hp": 80, "atk": 105, "def": 105, "spa": 105, "spd": 105, "spe": 80}, "stats": {"hp": 275, "atk": 227, "def": 227, "spa": 227, "spd": 227, "spe": 185}, "types": ["Psychic"]}, "Sableye": {"name": "Sableye", "species": "Sableye", "speciesId": "sableye", "gender": "F", "shiny": false, "level": 88, "moves": ["knockoff", "encore", "recover", "thunderwave"], "ability": "Prankster", "evs": {"hp": 85, "atk": 85, "def": 85, "spa": 85, "spd": 85, "spe": 85}, "ivs": {"hp": 31, "atk": 31, "def": 31, "spa": 31, "spd": 31, "spe": 31}, "item": "Leftovers", "teraType": "Steel", "role": "Bulky Support", "bvs": {"hp": 50, "atk": 75, "def": 75, "spa": 65, "spd": 65, "spe": 50}, "stats": {"hp": 231, "atk": 182, "def": 182, "spa": 165, "spd": 165, "spe": 138}, "types": ["Dark", "Ghost"]}, "Toxapex": {"name": "Toxapex", "species": "Toxapex", "speciesId": "toxapex", "gender": "F", "shiny": false, "level": 82, "moves": ["toxicspikes", "liquidation", "haze", "recover"], "ability": "Regenerator", "evs": {"hp": 85, "atk": 85, "def": 85, "spa": 85, "spd": 85, "spe": 85}, "ivs": {"hp": 31, "atk": 31, "def": 31, "spa": 31, "spd": 31, "spe": 31}, "item": "Rocky Helmet", "teraType": "Flying", "role": "Bulky Support", "bvs": {"hp": 50, "atk": 63, "def": 152, "spa": 53, "spd": 142, "spe": 35}, "stats": {"hp": 216, "atk": 150, "def": 296, "spa": 134, "spd": 280, "spe": 105}, "types": ["Poison", "Water"]}, "Gouging Fire": {"name": "Gouging Fire", "species": "Gouging Fire", "speciesId": "gougingfire", "gender": "N", "shiny": false, "level": 74, "moves": ["dragondance", "morningsun", "outrage", "heatcrash"], "ability": "Protosynthesis", "evs": {"hp": 85, "atk": 85, "def": 85, "spa": 85, "spd": 85, "spe": 85}, "ivs": {"hp": 31, "atk": 31, "def": 31, "spa": 31, "spd": 31, "spe": 31}, "item": "Heavy-Duty Boots", "teraType": "Fairy", "role": "Bulky Setup", "bvs": {"hp": 105, "atk": 115, "def": 121, "spa": 65, "spd": 93, "spe": 91}, "stats": {"hp": 277, "atk": 213, "def": 222, "spa": 139, "spd": 181, "spe": 178}, "types": ["Fire", "Dragon"]}, "Krookodile": {"name": "Krookodile", "species": "Krookodile", "speciesId": "krookodile", "gender": "M", "shiny": false, "level": 79, "moves": ["knockoff", "bulkup", "gunkshot", "earthquake"], "ability": "Intimidate", "evs": {"hp": 85, "atk": 85, "def": 85, "spa": 85, "spd": 85, "spe": 85}, "ivs": {"hp": 31, "atk": 31, "def": 31, "spa": 31, "spd": 31, "spe": 31}, "item": "Leftovers", "teraType": "Poison", "role": "Bulky Setup", "bvs": {"hp": 95, "atk": 117, "def": 80, "spa": 65, "spd": 70, "spe": 92}, "stats": {"hp": 280, "atk": 230, "def": 172, "spa": 148, "spd": 156, "spe": 191}, "types": ["Ground", "Dark"]}, "Glaceon": {"name": "Glaceon", "species": "Glaceon", "speciesId": "glaceon", "gender": "M", "shiny": false, "level": 94, "moves": ["protect", "calmmind", "wish", "freezedry"], "ability": "Ice Body", "evs": {"hp": 85, "atk": 0, "def": 85, "spa": 85, "spd": 85, "spe": 85}, "ivs": {"hp": 31, "atk": 0, "def": 31, "spa": 31, "spd": 31, "spe": 31}, "item": "Heavy-Duty Boots", "teraType": "Water", "role": "Bulky Setup", "bvs": {"hp": 65, "atk": 60, "def": 110, "spa": 130, "spd": 95, "spe": 65}, "stats": {"hp": 275, "atk": 117, "def": 260, "spa": 298, "spd": 232, "spe": 176}, "types": ["Ice"]}}, {"Honchkrow": {"name": "Honchkrow", "species": "Honchkrow", "speciesId": "honchkrow", "gender": "M", "shiny": false, "level": 86, "moves": ["heatwave", "uturn", "bravebird", "suckerpunch"], "ability": "Moxie", "evs": {"hp": 85, "atk": 85, "def": 85, "spa": 85, "spd": 85, "spe": 85}, "ivs": {"hp": 31, "atk": 31, "def": 31, "spa": 31, "spd": 31, "spe": 31}, "item": "Heavy-Duty Boots", "teraType": "Flying", "role": "Fast Attacker", "bvs": {"hp": 100, "atk": 125, "def": 52, "spa": 105, "spd": 52, "spe": 71}, "stats": {"hp": 312, "atk": 264, "def": 139, "spa": 230, "spd": 139, "spe": 171}, "types": ["Dark", "Flying"]}, "Skarmory": {"name": "Skarmory", "species": "Skarmory", "speciesId": "skarmory", "gender": "M", "shiny": false, "level": 80, "moves": ["bravebird", "whirlwind", "spikes", "roost"], "ability": "Sturdy", "evs": {"hp": 85, "atk": 85, "def": 85, "spa": 85, "spd": 85, "spe": 85}, "ivs": {"hp": 31, "atk": 31, "def": 31, "spa": 31, "spd": 31, "spe": 31}, "item": "Leftovers", "teraType": "Dragon", "role": "Bulky Support", "bvs": {"hp": 65, "atk": 80, "def": 140, "spa": 40, "spd": 70, "spe": 70}, "stats": {"hp": 235, "atk": 174, "def": 270, "spa": 110, "spd": 158, "spe": 158}, "types": ["Steel", "Flying"]}, "Metagross": {"name": "Metagross", "species": "Metagross", "speciesId": "metagross", "gender": "N", "shiny": false, "level": 79, "moves": ["earthquake", "stealthrock", "psychicfangs", "heavyslam"], "ability": "Clear Body", "evs": {"hp": 85, "atk": 85, "def": 85, "spa": 85, "spd": 85, "spe": 85}, "ivs": {"hp": 31, "atk": 31, "def": 31, "spa": 31, "spd": 31, "spe": 31}, "item": "Leftovers", "teraType": "Water", "role": "Bulky Support", "bvs": {"hp": 80, "atk": 135, "def": 130, "spa": 95, "spd": 90, "spe": 70}, "stats": {"hp": 256, "atk": 259, "def": 251, "spa": 196, "spd": 188, "spe": 156}, "types": ["Steel", "Psychic"]}, "Toxapex": {"name": "Toxapex", "species": "Toxapex", "speciesId": "toxapex", "gender": "M", "shiny": false, "level": 82, "moves": ["haze", "liquidation", "toxic", "recover"], "ability": "Regenerator", "evs": {"hp": 85, "atk": 85, "def": 85, "spa": 85, "spd": 85, "spe": 85}, "ivs": {"hp": 31, "atk": 31, "def": 31, "spa": 31, "spd": 31, "spe": 31}, "item": "Leftovers", "teraType": "Steel", "role": "Bulky Support", "bvs": {"hp": 50, "atk": 63, "def": 152, "spa": 53, "spd": 142, "spe": 35}, "stats": {"hp": 216, "atk": 150, "def": 296, "spa": 134, "spd": 280, "spe": 105}, "types": ["Poison", "Water"]}, "Ting-Lu": {"name": "Ting-Lu", "species": "Ting-Lu", "speciesId": "tinglu", "gender": "N", "shiny": false, "level": 78, "moves": ["throatchop", "spikes", "whirlwind", "earthquake"], "ability": "Vessel of Ruin", "evs": {"hp": 85, "atk": 85, "def": 85, "spa": 85, "spd": 85, "spe": 85}, "ivs": {"hp": 31, "atk": 31, "def": 31, "spa": 31, "spd": 31, "spe": 31}, "item": "Leftovers", "teraType": "Ghost", "role": "Bulky Support", "bvs": {"hp": 155, "atk": 110, "def": 125, "spa": 55, "spd": 80, "spe": 45}, "stats": {"hp": 370, "atk": 217, "def": 240, "spa": 131, "spd": 170, "spe": 115}, "types": ["Dark", "Ground"]}, "Greedent": {"name": "Greedent", "species": "Greedent", "speciesId": "greedent", "gender": "M", "shiny": false, "level": 86, "moves": ["swordsdance", "earthquake", "doubleedge", "knockoff"], "ability": "Cheek Pouch", "evs": {"hp": 85, "atk": 85, "def": 85, "spa": 85, "spd": 85, "spe": 85}, "ivs": {"hp": 31, "atk": 31, "def": 31, "spa": 31, "spd": 31, "spe": 31}, "item": "Sitrus Berry", "teraType": "Ground", "role": "Bulky Setup", "bvs": {"hp": 120, "atk": 95, "def": 95, "spa": 55, "spd": 75, "spe": 20}, "stats": {"hp": 347, "atk": 213, "def": 213, "spa": 144, "spd": 178, "spe": 84}, "types": ["Normal"]}}]}