{"id": "gen9randombattle-2641609937", "format": "[Gen 9] Random Battle", "players": ["kepurah", "the2ndworstplayer"], "log": "|j|\u2606kepurah\n|j|\u2606the2ndworstplayer\n|t:|1782818218\n|gametype|singles\n|player|p1|kepurah|102|1983\n|player|p2|the2ndworstplayer|1|1957\n|gen|9\n|tier|[Gen 9] Random Battle\n|rated|\n|rule|Species Clause: Limit one of each Pok\u00e9mon\n|rule|HP Percentage Mod: HP is shown in percentages\n|rule|Sleep Clause Mod: Limit one foe put to sleep\n|rule|Illusion Level Mod: Illusion disguises the Pok\u00e9mon's true level\n|\n|t:|1782818218\n|teamsize|p1|6\n|teamsize|p2|6\n|start\n|switch|p1a: Persian|Persian-Alola, L86, F|252/252\n|switch|p2a: Scovillain|Scovillain, L91, M|266/266\n|turn|1\n|inactive|Battle timer is ON: inactive players will automatically lose when time's up. (requested by kepurah)\n|\n|t:|1782818231\n|move|p1a: Persian|Parting Shot|p2a: Scovillain\n|-unboost|p2a: Scovillain|atk|1\n|-unboost|p2a: Scovillain|spa|1\n|\n|t:|1782818240\n|switch|p1a: Scream Tail|Scream Tail, L84|330/330|[from] Parting Shot\n|move|p2a: Scovillain|Overheat|p1a: Scream Tail\n|-damage|p1a: Scream Tail|188/330\n|-unboost|p2a: Scovillain|spa|2\n|\n|-heal|p1a: Scream Tail|208/330|[from] item: Leftovers\n|upkeep\n|turn|2\n|\n|t:|1782818258\n|switch|p2a: Jolteon|Jolteon, L84, F|246/246\n|move|p1a: Scream Tail|Wish|p1a: Scream Tail\n|\n|-heal|p1a: Scream Tail|228/330|[from] item: Leftovers\n|upkeep\n|turn|3\n|\n|t:|1782818265\n|move|p2a: Jolteon|Thunderbolt|p1a: Scream Tail\n|-damage|p1a: Scream Tail|92/330\n|move|p1a: Scream Tail|Encore|p2a: Jolteon\n|-start|p2a: Jolteon|Encore\n|\n|-heal|p1a: Scream Tail|257/330|[from] move: Wish|[wisher] Scream Tail\n|-heal|p1a: Scream Tail|277/330|[from] item: Leftovers\n|upkeep\n|turn|4\n|\n|t:|1782818274\n|move|p2a: Jolteon|Thunderbolt|p1a: Scream Tail\n|-damage|p1a: Scream Tail|148/330\n|move|p1a: Scream Tail|Encore||[still]\n|-fail|p1a: Scream Tail\n|\n|-heal|p1a: Scream Tail|168/330|[from] item: Leftovers\n|upkeep\n|turn|5\n|\n|t:|1782818290\n|move|p1a: Scream Tail|Protect|p1a: Scream Tail\n|-singleturn|p1a: Scream Tail|Protect\n|move|p2a: Jolteon|Thunderbolt|p1a: Scream Tail\n|-activate|p1a: Scream Tail|move: Protect\n|\n|-heal|p1a: Scream Tail|188/330|[from] item: Leftovers\n|upkeep\n|turn|6\n|\n|t:|1782818293\n|move|p2a: Jolteon|Thunderbolt|p1a: Scream Tail\n|-damage|p1a: Scream Tail|70/330\n|move|p1a: Scream Tail|Wish|p1a: Scream Tail\n|\n|-heal|p1a: Scream Tail|90/330|[from] item: Leftovers\n|-end|p2a: Jolteon|Encore\n|upkeep\n|turn|7\n|\n|t:|1782818299\n|move|p1a: Scream Tail|Protect|p1a: Scream Tail\n|-singleturn|p1a: Scream Tail|Protect\n|move|p2a: Jolteon|Thunderbolt|p1a: Scream Tail\n|-activate|p1a: Scream Tail|move: Protect\n|\n|-heal|p1a: Scream Tail|255/330|[from] move: Wish|[wisher] Scream Tail\n|-heal|p1a: Scream Tail|275/330|[from] item: Leftovers\n|upkeep\n|turn|8\n|\n|t:|1782818302\n|move|p2a: Jolteon|Thunderbolt|p1a: Scream Tail\n|-damage|p1a: Scream Tail|140/330\n|move|p1a: Scream Tail|Wish|p1a: Scream Tail\n|\n|-heal|p1a: Scream Tail|160/330|[from] item: Leftovers\n|upkeep\n|turn|9\n|\n|t:|1782818306\n|move|p1a: Scream Tail|Protect|p1a: Scream Tail\n|-singleturn|p1a: Scream Tail|Protect\n|move|p2a: Jolteon|Thunderbolt|p1a: Scream Tail\n|-activate|p1a: Scream Tail|move: Protect\n|\n|-heal|p1a: Scream Tail|325/330|[from] move: Wish|[wisher] Scream Tail\n|-heal|p1a: Scream Tail|330/330|[from] item: Leftovers\n|upkeep\n|turn|10\n|\n|t:|1782818312\n|-end|p1a: Scream Tail|Protosynthesis|[silent]\n|switch|p1a: Reshiram|Reshiram, L76|277/277\n|-ability|p1a: Reshiram|Turboblaze\n|move|p2a: Jolteon|Thunderbolt|p1a: Reshiram\n|-resisted|p1a: Reshiram\n|-damage|p1a: Reshiram|204/277\n|\n|upkeep\n|turn|11\n|\n|t:|1782818318\n|move|p2a: Jolteon|Thunderbolt|p1a: Reshiram\n|-resisted|p1a: Reshiram\n|-damage|p1a: Reshiram|132/277\n|move|p1a: Reshiram|Dragon Dance|p1a: Reshiram\n|-boost|p1a: Reshiram|atk|1\n|-boost|p1a: Reshiram|spe|1\n|\n|upkeep\n|turn|12\n|\n|t:|1782818326\n|move|p1a: Reshiram|Flare Blitz|p2a: Jolteon\n|-damage|p2a: Jolteon|15/246\n|-damage|p1a: Reshiram|56/277|[from] Recoil\n|move|p2a: Jolteon|Thunderbolt|p1a: Reshiram\n|-resisted|p1a: Reshiram\n|-damage|p1a: Reshiram|0 fnt\n|faint|p1a: Reshiram\n|\n|upkeep\n|\n|t:|1782818337\n|switch|p1a: Persian|Persian-Alola, L86, F|252/252\n|turn|13\n|\n|t:|1782818342\n|move|p2a: Jolteon|Thunderbolt|p1a: Persian\n|-damage|p1a: Persian|75/252\n|move|p1a: Persian|Foul Play|p2a: Jolteon\n|-damage|p2a: Jolteon|0 fnt\n|faint|p2a: Jolteon\n|\n|upkeep\n|\n|t:|1782818350\n|switch|p2a: Falinks|Falinks, L84|246/246\n|turn|14\n|\n|t:|1782818356\n|move|p1a: Persian|Thunder Wave|p2a: Falinks\n|-status|p2a: Falinks|par\n|move|p2a: Falinks|No Retreat|p2a: Falinks\n|-boost|p2a: Falinks|atk|1\n|-boost|p2a: Falinks|def|1\n|-boost|p2a: Falinks|spa|1\n|-boost|p2a: Falinks|spd|1\n|-boost|p2a: Falinks|spe|1\n|-start|p2a: Falinks|move: No Retreat\n|\n|upkeep\n|turn|15\n|\n|t:|1782818364\n|switch|p1a: Scream Tail|Scream Tail, L84|330/330\n|cant|p2a: Falinks|par\n|\n|upkeep\n|turn|16\n|\n|t:|1782818370\n|move|p1a: Scream Tail|Encore|p2a: Falinks\n|-start|p2a: Falinks|Encore\n|move|p2a: Falinks|No Retreat||[still]\n|-fail|p2a: Falinks\n|\n|upkeep\n|turn|17\n|\n|t:|1782818375\n|move|p1a: Scream Tail|Wish|p1a: Scream Tail\n|cant|p2a: Falinks|par\n|\n|upkeep\n|turn|18\n|\n|t:|1782818378\n|-end|p1a: Scream Tail|Protosynthesis|[silent]\n|switch|p1a: Persian|Persian-Alola, L86, F|75/252\n|move|p2a: Falinks|No Retreat||[still]\n|-fail|p2a: Falinks\n|\n|-heal|p1a: Persian|240/252|[from] move: Wish|[wisher] Scream Tail\n|-end|p2a: Falinks|Encore\n|upkeep\n|turn|19\n|\n|t:|1782818382\n|switch|p1a: Scream Tail|Scream Tail, L84|330/330\n|move|p2a: Falinks|Iron Head|p1a: Scream Tail\n|-supereffective|p1a: Scream Tail\n|-damage|p1a: Scream Tail|119/330\n|-damage|p2a: Falinks|222/246 par|[from] item: Life Orb\n|\n|-heal|p1a: Scream Tail|139/330|[from] item: Leftovers\n|upkeep\n|turn|20\n|\n|t:|1782818392\n|move|p1a: Scream Tail|Protect|p1a: Scream Tail\n|-singleturn|p1a: Scream Tail|Protect\n|move|p2a: Falinks|Iron Head|p1a: Scream Tail\n|-activate|p1a: Scream Tail|move: Protect\n|\n|-heal|p1a: Scream Tail|159/330|[from] item: Leftovers\n|upkeep\n|turn|21\n|\n|t:|1782818398\n|move|p1a: Scream Tail|Wish|p1a: Scream Tail\n|move|p2a: Falinks|Close Combat|p1a: Scream Tail\n|-resisted|p1a: Scream Tail\n|-damage|p1a: Scream Tail|106/330\n|-unboost|p2a: Falinks|def|1\n|-unboost|p2a: Falinks|spd|1\n|-damage|p2a: Falinks|198/246 par|[from] item: Life Orb\n|\n|-heal|p1a: Scream Tail|126/330|[from] item: Leftovers\n|upkeep\n|turn|22\n|\n|t:|1782818402\n|move|p1a: Scream Tail|Encore|p2a: Falinks\n|-start|p2a: Falinks|Encore\n|move|p2a: Falinks|Close Combat|p1a: Scream Tail\n|-resisted|p1a: Scream Tail\n|-damage|p1a: Scream Tail|70/330\n|-unboost|p2a: Falinks|def|1\n|-unboost|p2a: Falinks|spd|1\n|-damage|p2a: Falinks|174/246 par|[from] item: Life Orb\n|\n|-heal|p1a: Scream Tail|235/330|[from] move: Wish|[wisher] Scream Tail\n|-heal|p1a: Scream Tail|255/330|[from] item: Leftovers\n|upkeep\n|turn|23\n|\n|t:|1782818409\n|move|p1a: Scream Tail|Wish|p1a: Scream Tail\n|move|p2a: Falinks|Close Combat|p1a: Scream Tail\n|-resisted|p1a: Scream Tail\n|-damage|p1a: Scream Tail|199/330\n|-unboost|p2a: Falinks|def|1\n|-unboost|p2a: Falinks|spd|1\n|-damage|p2a: Falinks|150/246 par|[from] item: Life Orb\n|\n|-heal|p1a: Scream Tail|219/330|[from] item: Leftovers\n|upkeep\n|turn|24\n|\n|t:|1782818412\n|move|p1a: Scream Tail|Dazzling Gleam|p2a: Falinks\n|-supereffective|p2a: Falinks\n|-damage|p2a: Falinks|0 fnt\n|faint|p2a: Falinks\n|\n|-heal|p1a: Scream Tail|330/330|[from] move: Wish|[wisher] Scream Tail\n|upkeep\n|\n|t:|1782818436\n|switch|p2a: Gogoat|Gogoat, L88, M|360/360\n|turn|25\n|\n|t:|1782818449\n|-end|p1a: Scream Tail|Protosynthesis|[silent]\n|switch|p1a: Dodrio|Dodrio, L85, M|241/241\n|move|p2a: Gogoat|Bulk Up|p2a: Gogoat\n|-boost|p2a: Gogoat|atk|1\n|-boost|p2a: Gogoat|def|1\n|\n|upkeep\n|turn|26\n|\n|t:|1782818459\n|move|p1a: Dodrio|Double-Edge|p2a: Gogoat\n|-damage|p2a: Gogoat|188/360\n|-damage|p1a: Dodrio|184/241|[from] Recoil\n|move|p2a: Gogoat|Milk Drink|p2a: Gogoat\n|-heal|p2a: Gogoat|360/360\n|\n|upkeep\n|turn|27\n|\n|t:|1782818467\n|switch|p1a: Scream Tail|Scream Tail, L84|330/330\n|move|p2a: Gogoat|Horn Leech|p1a: Scream Tail\n|-damage|p1a: Scream Tail|216/330\n|\n|-heal|p1a: Scream Tail|236/330|[from] item: Leftovers\n|upkeep\n|turn|28\n|\n|t:|1782818473\n|move|p1a: Scream Tail|Wish|p1a: Scream Tail\n|move|p2a: Gogoat|Horn Leech|p1a: Scream Tail\n|-crit|p1a: Scream Tail\n|-damage|p1a: Scream Tail|67/330\n|\n|-heal|p1a: Scream Tail|87/330|[from] item: Leftovers\n|upkeep\n|turn|29\n|\n|t:|1782818478\n|move|p1a: Scream Tail|Protect|p1a: Scream Tail\n|-singleturn|p1a: Scream Tail|Protect\n|move|p2a: Gogoat|Bulk Up|p2a: Gogoat\n|-boost|p2a: Gogoat|atk|1\n|-boost|p2a: Gogoat|def|1\n|\n|-heal|p1a: Scream Tail|252/330|[from] move: Wish|[wisher] Scream Tail\n|-heal|p1a: Scream Tail|272/330|[from] item: Leftovers\n|upkeep\n|turn|30\n|\n|t:|1782818482\n|move|p1a: Scream Tail|Encore|p2a: Gogoat\n|-start|p2a: Gogoat|Encore\n|move|p2a: Gogoat|Bulk Up|p2a: Gogoat\n|-boost|p2a: Gogoat|atk|1\n|-boost|p2a: Gogoat|def|1\n|\n|-heal|p1a: Scream Tail|292/330|[from] item: Leftovers\n|upkeep\n|turn|31\n|\n|t:|1782818484\n|move|p1a: Scream Tail|Wish|p1a: Scream Tail\n|move|p2a: Gogoat|Bulk Up|p2a: Gogoat\n|-boost|p2a: Gogoat|atk|1\n|-boost|p2a: Gogoat|def|1\n|\n|-heal|p1a: Scream Tail|312/330|[from] item: Leftovers\n|upkeep\n|turn|32\n|\n|t:|1782818488\n|move|p1a: Scream Tail|Dazzling Gleam|p2a: Gogoat\n|-damage|p2a: Gogoat|302/360\n|move|p2a: Gogoat|Bulk Up|p2a: Gogoat\n|-boost|p2a: Gogoat|atk|1\n|-boost|p2a: Gogoat|def|1\n|\n|-heal|p1a: Scream Tail|330/330|[from] move: Wish|[wisher] Scream Tail\n|-heal|p2a: Gogoat|324/360|[from] item: Leftovers\n|-end|p2a: Gogoat|Encore\n|upkeep\n|turn|33\n|\n|t:|1782818490\n|move|p1a: Scream Tail|Encore|p2a: Gogoat\n|-start|p2a: Gogoat|Encore\n|move|p2a: Gogoat|Bulk Up|p2a: Gogoat\n|-boost|p2a: Gogoat|atk|1\n|-boost|p2a: Gogoat|def|1\n|\n|-heal|p2a: Gogoat|346/360|[from] item: Leftovers\n|upkeep\n|turn|34\n|\n|t:|1782818498\n|move|p1a: Scream Tail|Dazzling Gleam|p2a: Gogoat\n|-damage|p2a: Gogoat|280/360\n|move|p2a: Gogoat|Bulk Up|p2a: Gogoat\n|-boost|p2a: Gogoat|atk|0\n|-boost|p2a: Gogoat|def|0\n|\n|-heal|p2a: Gogoat|302/360|[from] item: Leftovers\n|upkeep\n|turn|35\n|\n|t:|1782818503\n|move|p1a: Scream Tail|Dazzling Gleam|p2a: Gogoat\n|-damage|p2a: Gogoat|236/360\n|move|p2a: Gogoat|Bulk Up|p2a: Gogoat\n|-boost|p2a: Gogoat|atk|0\n|-boost|p2a: Gogoat|def|0\n|\n|-heal|p2a: Gogoat|258/360|[from] item: Leftovers\n|-end|p2a: Gogoat|Encore\n|upkeep\n|turn|36\n|\n|t:|1782818506\n|move|p1a: Scream Tail|Encore|p2a: Gogoat\n|-start|p2a: Gogoat|Encore\n|move|p2a: Gogoat|Bulk Up|p2a: Gogoat\n|-boost|p2a: Gogoat|atk|0\n|-boost|p2a: Gogoat|def|0\n|\n|-heal|p2a: Gogoat|280/360|[from] item: Leftovers\n|upkeep\n|turn|37\n|\n|t:|1782818508\n|move|p1a: Scream Tail|Dazzling Gleam|p2a: Gogoat\n|-damage|p2a: Gogoat|216/360\n|move|p2a: Gogoat|Bulk Up|p2a: Gogoat\n|-boost|p2a: Gogoat|atk|0\n|-boost|p2a: Gogoat|def|0\n|\n|-heal|p2a: Gogoat|238/360|[from] item: Leftovers\n|upkeep\n|turn|38\n|\n|t:|1782818510\n|move|p1a: Scream Tail|Dazzling Gleam|p2a: Gogoat\n|-damage|p2a: Gogoat|177/360\n|move|p2a: Gogoat|Bulk Up|p2a: Gogoat\n|-boost|p2a: Gogoat|atk|0\n|-boost|p2a: Gogoat|def|0\n|\n|-heal|p2a: Gogoat|199/360|[from] item: Leftovers\n|-end|p2a: Gogoat|Encore\n|upkeep\n|turn|39\n|\n|t:|1782818513\n|move|p1a: Scream Tail|Encore|p2a: Gogoat\n|-start|p2a: Gogoat|Encore\n|move|p2a: Gogoat|Bulk Up|p2a: Gogoat\n|-boost|p2a: Gogoat|atk|0\n|-boost|p2a: Gogoat|def|0\n|\n|-heal|p2a: Gogoat|221/360|[from] item: Leftovers\n|upkeep\n|turn|40\n|\n|t:|1782818515\n|move|p1a: Scream Tail|Dazzling Gleam|p2a: Gogoat\n|-damage|p2a: Gogoat|155/360\n|move|p2a: Gogoat|Bulk Up|p2a: Gogoat\n|-boost|p2a: Gogoat|atk|0\n|-boost|p2a: Gogoat|def|0\n|\n|-heal|p2a: Gogoat|177/360|[from] item: Leftovers\n|upkeep\n|turn|41\n|\n|t:|1782818521\n|-end|p1a: Scream Tail|Protosynthesis|[silent]\n|switch|p1a: Dodrio|Dodrio, L85, M|184/241\n|move|p2a: Gogoat|Bulk Up|p2a: Gogoat\n|-boost|p2a: Gogoat|atk|0\n|-boost|p2a: Gogoat|def|0\n|\n|-heal|p2a: Gogoat|199/360|[from] item: Leftovers\n|-end|p2a: Gogoat|Encore\n|upkeep\n|turn|42\n|\n|t:|1782818524\n|move|p1a: Dodrio|Brave Bird|p2a: Gogoat\n|-supereffective|p2a: Gogoat\n|-damage|p2a: Gogoat|59/360\n|-damage|p1a: Dodrio|138/241|[from] Recoil\n|move|p2a: Gogoat|Milk Drink|p2a: Gogoat\n|-heal|p2a: Gogoat|239/360\n|\n|-heal|p2a: Gogoat|261/360|[from] item: Leftovers\n|upkeep\n|turn|43\n|\n|t:|1782818528\n|move|p1a: Dodrio|Brave Bird|p2a: Gogoat\n|-supereffective|p2a: Gogoat\n|-damage|p2a: Gogoat|127/360\n|-damage|p1a: Dodrio|94/241|[from] Recoil\n|move|p2a: Gogoat|Horn Leech|p1a: Dodrio\n|-resisted|p1a: Dodrio\n|-damage|p1a: Dodrio|0 fnt\n|-heal|p2a: Gogoat|174/360|[from] drain|[of] p1a: Dodrio\n|faint|p1a: Dodrio\n|\n|-heal|p2a: Gogoat|196/360|[from] item: Leftovers\n|upkeep\n|\n|t:|1782818531\n|switch|p1a: Persian|Persian-Alola, L86, F|240/252\n|turn|44\n|\n|t:|1782818537\n|-terastallize|p1a: Persian|Poison\n|move|p1a: Persian|Foul Play|p2a: Gogoat\n|-damage|p2a: Gogoat|57/360\n|move|p2a: Gogoat|Horn Leech|p1a: Persian\n|-resisted|p1a: Persian\n|-damage|p1a: Persian|120/252\n|-heal|p2a: Gogoat|117/360|[from] drain|[of] p1a: Persian\n|\n|-heal|p2a: Gogoat|139/360|[from] item: Leftovers\n|upkeep\n|turn|45\n|\n|t:|1782818543\n|move|p1a: Persian|Foul Play|p2a: Gogoat\n|-damage|p2a: Gogoat|6/360\n|move|p2a: Gogoat|Milk Drink|p2a: Gogoat\n|-heal|p2a: Gogoat|186/360\n|\n|-heal|p2a: Gogoat|208/360|[from] item: Leftovers\n|upkeep\n|turn|46\n|\n|t:|1782818547\n|move|p1a: Persian|Thunder Wave|p2a: Gogoat\n|-status|p2a: Gogoat|par\n|move|p2a: Gogoat|Milk Drink|p2a: Gogoat\n|-heal|p2a: Gogoat|360/360 par\n|\n|upkeep\n|turn|47\n|\n|t:|1782818562\n|move|p1a: Persian|Foul Play|p2a: Gogoat\n|-damage|p2a: Gogoat|234/360 par\n|move|p2a: Gogoat|Horn Leech|p1a: Persian\n|-resisted|p1a: Persian\n|-damage|p1a: Persian|0 fnt\n|-heal|p2a: Gogoat|294/360 par|[from] drain|[of] p1a: Persian\n|faint|p1a: Persian\n|\n|-heal|p2a: Gogoat|316/360 par|[from] item: Leftovers\n|upkeep\n|-message|kepurah forfeited.\n|\n|win|the2ndworstplayer\n|raw|kepurah's rating: 1983 &rarr; <strong>1962</strong><br />(-21 for losing)\n|raw|the2ndworstplayer's rating: 1957 &rarr; <strong>1978</strong><br />(+21 for winning)\n", "inputlog": ">version f8ac14003a5f27e1bdc8d8c59608a773c1cb96e5\n>start {\"formatid\":\"gen9randombattle\",\"seed\":\"sodium,92c27f9147a66889983eb3a88cc7f666\",\"rated\":\"Rated battle\"}\n>player p1 {\"name\":\"kepurah\",\"avatar\":\"102\",\"rating\":1983,\"seed\":\"sodium,aac228d6fa1899f2f89c9172ee026677\"}\n>player p2 {\"name\":\"the2ndworstplayer\",\"avatar\":\"1\",\"rating\":1957,\"seed\":\"sodium,43fd93a2c4cc622e93649ca1b27d0377\"}\n>p1 move partingshot\n>p2 move overheat\n>p1 switch 2\n>p1 move wish\n>p2 switch 6\n>p1 move encore\n>p2 move thunderbolt\n>p1 move encore\n>p2 move thunderbolt\n>p1 move protect\n>p2 move thunderbolt\n>p1 move wish\n>p2 move thunderbolt\n>p1 move protect\n>p2 move thunderbolt\n>p1 move wish\n>p2 move thunderbolt\n>p1 move protect\n>p2 move thunderbolt\n>p1 switch 3\n>p2 move thunderbolt\n>p1 move dragondance\n>p2 move thunderbolt\n>p1 move flareblitz\n>p2 move thunderbolt\n>p1 switch 2\n>p1 move foulplay\n>p2 move thunderbolt\n>p2 switch 3\n>p1 move thunderwave\n>p2 move noretreat\n>p1 switch 3\n>p2 move closecombat\n>p1 move encore\n>p2 move ironhead\n>p1 move wish\n>p2 move noretreat\n>p1 switch 3\n>p2 move noretreat\n>p1 switch 3\n>p2 move ironhead\n>p1 move protect\n>p2 move ironhead\n>p1 move wish\n>p2 move closecombat\n>p1 move encore\n>p2 move ironhead\n>p1 move wish\n>p2 move closecombat\n>p1 move dazzlinggleam\n>p2 move closecombat\n>p2 switch 2\n>p1 switch 4\n>p2 move bulkup\n>p1 move doubleedge\n>p2 move milkdrink\n>p1 switch 4\n>p2 move hornleech\n>p1 move wish\n>p2 move hornleech\n>p1 move protect\n>p2 move bulkup\n>p1 move encore\n>p2 move hornleech\n>p1 move wish\n>p2 move bulkup\n>p1 move dazzlinggleam\n>p2 move bulkup\n>p1 move encore\n>p2 move hornleech\n>p1 move dazzlinggleam\n>p2 move bulkup\n>p1 move dazzlinggleam\n>p2 move bulkup\n>p1 move encore\n>p2 move hornleech\n>p1 move dazzlinggleam\n>p2 move bulkup\n>p1 move dazzlinggleam\n>p2 move bulkup\n>p1 move encore\n>p2 move hornleech\n>p1 move dazzlinggleam\n>p2 move bulkup\n>p1 switch 4\n>p2 move bulkup\n>p1 move bravebird\n>p2 move milkdrink\n>p1 move bravebird\n>p2 move hornleech\n>p1 switch 3\n>p1 move foulplay terastallize\n>p2 move hornleech\n>p1 move foulplay\n>p2 move milkdrink\n>p1 move thunderwave\n>p2 move milkdrink\n>p1 move foulplay\n>p2 move hornleech\n>forcelose p1", "uploadtime": 1782818222, "views": 4, "formatid": "gen9randombattle", "rating": 1962, "private": 0, "password": null, "player_dets": [{"name": "kepurah", "avatar": "102", "rating": 1983, "seed": "sodium,aac228d6fa1899f2f89c9172ee026677"}, {"name": "the2ndworstplayer", "avatar": "1", "rating": 1957, "seed": "sodium,43fd93a2c4cc622e93649ca1b27d0377"}], "teams_full": [{"Persian": {"name": "Persian", "species": "Persian-Alola", "speciesId": "persianalola", "gender": "F", "shiny": false, "level": 86, "moves": ["thunderwave", "foulplay", "taunt", "partingshot"], "ability": "Fur Coat", "evs": {"hp": 85, "atk": 0, "def": 85, "spa": 85, "spd": 85, "spe": 85}, "ivs": {"hp": 31, "atk": 0, "def": 31, "spa": 31, "spd": 31, "spe": 31}, "item": "Heavy-Duty Boots", "teraType": "Poison", "role": "Fast Support", "bvs": {"hp": 65, "atk": 60, "def": 60, "spa": 75, "spd": 65, "spe": 115}, "stats": {"hp": 252, "atk": 108, "def": 152, "spa": 178, "spd": 161, "spe": 247}, "types": ["Dark"]}, "Scream Tail": {"name": "Scream Tail", "species": "Scream Tail", "speciesId": "screamtail", "gender": "N", "shiny": false, "level": 84, "moves": ["dazzlinggleam", "encore", "protect", "wish"], "ability": "Protosynthesis", "evs": {"hp": 85, "atk": 0, "def": 85, "spa": 85, "spd": 85, "spe": 85}, "ivs": {"hp": 31, "atk": 0, "def": 31, "spa": 31, "spd": 31, "spe": 31}, "item": "Leftovers", "teraType": "Steel", "role": "Bulky Attacker", "bvs": {"hp": 115, "atk": 65, "def": 99, "spa": 65, "spd": 115, "spe": 111}, "stats": {"hp": 330, "atk": 114, "def": 215, "spa": 157, "spd": 241, "spe": 235}, "types": ["Fairy", "Psychic"]}, "Reshiram": {"name": "Reshiram", "species": "Reshiram", "speciesId": "reshiram", "gender": "N", "shiny": false, "level": 76, "moves": ["outrage", "flareblitz", "stoneedge", "dragondance"], "ability": "Turboblaze", "evs": {"hp": 85, "atk": 85, "def": 85, "spa": 85, "spd": 85, "spe": 85}, "ivs": {"hp": 31, "atk": 31, "def": 31, "spa": 31, "spd": 31, "spe": 31}, "item": "Heavy-Duty Boots", "teraType": "Dragon", "role": "Setup Sweeper", "bvs": {"hp": 100, "atk": 120, "def": 100, "spa": 150, "spd": 120, "spe": 90}, "stats": {"hp": 277, "atk": 226, "def": 196, "spa": 272, "spd": 226, "spe": 181}, "types": ["Dragon", "Fire"]}, "Dodrio": {"name": "Dodrio", "species": "Dodrio", "speciesId": "dodrio", "gender": "M", "shiny": false, "level": 85, "moves": ["knockoff", "drillrun", "doubleedge", "bravebird"], "ability": "Early Bird", "evs": {"hp": 85, "atk": 85, "def": 85, "spa": 85, "spd": 85, "spe": 85}, "ivs": {"hp": 31, "atk": 31, "def": 31, "spa": 31, "spd": 31, "spe": 31}, "item": "Choice Band", "teraType": "Ground", "role": "Fast Attacker", "bvs": {"hp": 60, "atk": 110, "def": 70, "spa": 60, "spd": 60, "spe": 110}, "stats": {"hp": 241, "atk": 236, "def": 168, "spa": 151, "spd": 151, "spe": 236}, "types": ["Normal", "Flying"]}, "Ambipom": {"name": "Ambipom", "species": "Ambipom", "speciesId": "ambipom", "gender": "M", "shiny": false, "level": 84, "moves": ["fakeout", "uturn", "doubleedge", "knockoff"], "ability": "Technician", "evs": {"hp": 85, "atk": 85, "def": 85, "spa": 85, "spd": 85, "spe": 85}, "ivs": {"hp": 31, "atk": 31, "def": 31, "spa": 31, "spd": 31, "spe": 31}, "item": "Silk Scarf", "teraType": "Normal", "role": "Wallbreaker", "bvs": {"hp": 75, "atk": 100, "def": 66, "spa": 60, "spd": 66, "spe": 115}, "stats": {"hp": 263, "atk": 216, "def": 159, "spa": 149, "spd": 159, "spe": 241}, "types": ["Normal"]}, "Ogerpon": {"name": "Ogerpon", "species": "Ogerpon-Wellspring", "speciesId": "ogerponwellspring", "gender": "F", "shiny": false, "level": 76, "moves": ["woodhammer", "uturn", "synthesis", "ivycudgel"], "ability": "Water Absorb", "evs": {"hp": 85, "atk": 85, "def": 85, "spa": 85, "spd": 85, "spe": 85}, "ivs": {"hp": 31, "atk": 31, "def": 31, "spa": 31, "spd": 31, "spe": 31}, "item": "Wellspring Mask", "teraType": "Water", "role": "Bulky Attacker", "bvs": {"hp": 80, "atk": 120, "def": 84, "spa": 60, "spd": 96, "spe": 110}, "stats": {"hp": 247, "atk": 226, "def": 172, "spa": 135, "spd": 190, "spe": 211}, "types": ["Grass", "Water"]}}, {"Scovillain": {"name": "Scovillain", "species": "Scovillain", "speciesId": "scovillain", "gender": "M", "shiny": false, "level": 91, "moves": ["energyball", "overheat", "flamethrower", "leafstorm"], "ability": "Chlorophyll", "evs": {"hp": 85, "atk": 0, "def": 85, "spa": 85, "spd": 85, "spe": 85}, "ivs": {"hp": 31, "atk": 0, "def": 31, "spa": 31, "spd": 31, "spe": 31}, "item": "Choice Specs", "teraType": "Fire", "role": "Fast Attacker", "bvs": {"hp": 65, "atk": 108, "def": 65, "spa": 108, "spd": 65, "spe": 75}, "stats": {"hp": 266, "atk": 201, "def": 170, "spa": 248, "spd": 170, "spe": 188}, "types": ["Grass", "Fire"]}, "Gogoat": {"name": "Gogoat", "species": "Gogoat", "speciesId": "gogoat", "gender": "M", "shiny": false, "level": 88, "moves": ["earthquake", "bulkup", "hornleech", "milkdrink"], "ability": "Sap Sipper", "evs": {"hp": 85, "atk": 85, "def": 85, "spa": 85, "spd": 85, "spe": 85}, "ivs": {"hp": 31, "atk": 31, "def": 31, "spa": 31, "spd": 31, "spe": 31}, "item": "Leftovers", "teraType": "Ground", "role": "Bulky Setup", "bvs": {"hp": 123, "atk": 100, "def": 62, "spa": 97, "spd": 81, "spe": 68}, "stats": {"hp": 360, "atk": 226, "def": 159, "spa": 221, "spd": 193, "spe": 170}, "types": ["Grass"]}, "Falinks": {"name": "Falinks", "species": "Falinks", "speciesId": "falinks", "gender": "N", "shiny": false, "level": 84, "moves": ["closecombat", "knockoff", "ironhead", "noretreat"], "ability": "Defiant", "evs": {"hp": 85, "atk": 85, "def": 85, "spa": 85, "spd": 85, "spe": 85}, "ivs": {"hp": 31, "atk": 31, "def": 31, "spa": 31, "spd": 31, "spe": 31}, "item": "Life Orb", "teraType": "Steel", "role": "Setup Sweeper", "bvs": {"hp": 65, "atk": 100, "def": 100, "spa": 70, "spd": 60, "spe": 75}, "stats": {"hp": 246, "atk": 216, "def": 216, "spa": 166, "spd": 149, "spe": 174}, "types": ["Fighting"]}, "Gyarados": {"name": "Gyarados", "species": "Gyarados", "speciesId": "gyarados", "gender": "F", "shiny": false, "level": 79, "moves": ["temperflare", "dragondance", "earthquake", "waterfall"], "ability": "Moxie", "evs": {"hp": 85, "atk": 85, "def": 85, "spa": 85, "spd": 85, "spe": 85}, "ivs": {"hp": 31, "atk": 31, "def": 31, "spa": 31, "spd": 31, "spe": 31}, "item": "Heavy-Duty Boots", "teraType": "Ground", "role": "Setup Sweeper", "bvs": {"hp": 95, "atk": 125, "def": 79, "spa": 60, "spd": 100, "spe": 81}, "stats": {"hp": 280, "atk": 243, "def": 170, "spa": 140, "spd": 204, "spe": 174}, "types": ["Water", "Flying"]}, "Pikachu": {"name": "Pikachu", "species": "Pikachu-World", "speciesId": "pikachu", "gender": "F", "shiny": false, "level": 93, "moves": ["playrough", "volttackle", "surf", "knockoff"], "ability": "Lightning Rod", "evs": {"hp": 85, "atk": 85, "def": 85, "spa": 85, "spd": 85, "spe": 85}, "ivs": {"hp": 31, "atk": 31, "def": 31, "spa": 31, "spd": 31, "spe": 31}, "item": "Light Ball", "teraType": "Water", "role": "Fast Attacker", "bvs": {"hp": 35, "atk": 55, "def": 40, "spa": 50, "spd": 50, "spe": 90}, "stats": {"hp": 216, "atk": 155, "def": 127, "spa": 146, "spd": 146, "spe": 220}, "types": ["Electric"]}, "Jolteon": {"name": "Jolteon", "species": "Jolteon", "speciesId": "jolteon", "gender": "F", "shiny": false, "level": 84, "moves": ["shadowball", "voltswitch", "alluringvoice", "thunderbolt"], "ability": "Volt Absorb", "evs": {"hp": 85, "atk": 0, "def": 85, "spa": 85, "spd": 85, "spe": 85}, "ivs": {"hp": 31, "atk": 0, "def": 31, "spa": 31, "spd": 31, "spe": 31}, "item": "Choice Specs", "teraType": "Electric", "role": "Fast Attacker", "bvs": {"hp": 65, "atk": 65, "def": 60, "spa": 110, "spd": 95, "spe": 130}, "stats": {"hp": 246, "atk": 114, "def": 149, "spa": 233, "spd": 208, "spe": 267}, "types": ["Electric"]}}]}