{"id": "gen9randombattle-2641237159", "format": "[Gen 9] Random Battle", "players": ["liutwo", "stoogetv"], "log": "|j|\u2606liutwo\n|j|\u2606stoogetv\n|t:|1782757432\n|gametype|singles\n|player|p1|liutwo|169|2049\n|player|p2|stoogetv|boarder|2049\n|gen|9\n|tier|[Gen 9] Random Battle\n|rated|\n|rule|Species Clause: Limit one of each Pok\u00e9mon\n|rule|HP Percentage Mod: HP is shown in percentages\n|rule|Sleep Clause Mod: Limit one foe put to sleep\n|rule|Illusion Level Mod: Illusion disguises the Pok\u00e9mon's true level\n|\n|t:|1782757432\n|teamsize|p1|6\n|teamsize|p2|6\n|start\n|switch|p1a: Appletun|Appletun, L92, F|352/352\n|switch|p2a: Heracross|Heracross, L80, M|259/259\n|turn|1\n|inactive|Battle timer is ON: inactive players will automatically lose when time's up. (requested by stoogetv)\n|\n|t:|1782757484\n|move|p2a: Heracross|Knock Off|p1a: Appletun\n|-damage|p1a: Appletun|271/352\n|-enditem|p1a: Appletun|Leftovers|[from] move: Knock Off|[of] p2a: Heracross\n|move|p1a: Appletun|Dragon Tail|p2a: Heracross|[miss]\n|-miss|p1a: Appletun|p2a: Heracross\n|\n|-status|p2a: Heracross|brn|[from] item: Flame Orb\n|upkeep\n|turn|2\n|\n|t:|1782757495\n|move|p2a: Heracross|Trailblaze|p1a: Appletun\n|-resisted|p1a: Appletun\n|-damage|p1a: Appletun|257/352\n|-boost|p2a: Heracross|spe|1\n|move|p1a: Appletun|Dragon Tail|p2a: Heracross\n|-damage|p2a: Heracross|183/259 brn\n|drag|p2a: Luvdisc|Luvdisc, M|247/247\n|\n|upkeep\n|turn|3\n|\n|t:|1782757506\n|switch|p2a: Scream Tail|Scream Tail, L84|330/330\n|move|p1a: Appletun|Dragon Tail|p2a: Scream Tail\n|-immune|p2a: Scream Tail\n|\n|upkeep\n|turn|4\n|\n|t:|1782757521\n|move|p2a: Scream Tail|Encore|p1a: Appletun\n|-start|p1a: Appletun|Encore\n|move|p1a: Appletun|Dragon Tail|p2a: Scream Tail\n|-immune|p2a: Scream Tail\n|\n|upkeep\n|turn|5\n|\n|t:|1782757542\n|switch|p1a: Regice|Regice, L88|284/284\n|move|p2a: Scream Tail|Wish|p2a: Scream Tail\n|\n|upkeep\n|turn|6\n|\n|t:|1782757549\n|-end|p2a: Scream Tail|Protosynthesis|[silent]\n|switch|p2a: Heracross|Heracross, L80, M|183/259 brn\n|move|p1a: Regice|Ice Beam|p2a: Heracross\n|-damage|p2a: Heracross|72/259 brn\n|\n|-heal|p2a: Heracross|237/259 brn|[from] move: Wish|[wisher] Scream Tail\n|-damage|p2a: Heracross|221/259 brn|[from] brn\n|upkeep\n|turn|7\n|inactive|liutwo has 120 seconds left.\n|\n|t:|1782757581\n|switch|p1a: Reuniclus|Reuniclus, L88, M|337/337\n|move|p2a: Heracross|Trailblaze|p1a: Reuniclus\n|-damage|p1a: Reuniclus|278/337\n|-boost|p2a: Heracross|spe|1\n|\n|-damage|p2a: Heracross|205/259 brn|[from] brn\n|upkeep\n|turn|8\n|inactive|liutwo has 120 seconds left.\n|\n|t:|1782757598\n|switch|p2a: Scream Tail|Scream Tail, L84|330/330\n|-terastallize|p1a: Reuniclus|Steel\n|move|p1a: Reuniclus|Psychic|p2a: Scream Tail\n|-resisted|p2a: Scream Tail\n|-damage|p2a: Scream Tail|257/330\n|\n|-heal|p2a: Scream Tail|277/330|[from] item: Leftovers\n|upkeep\n|turn|9\n|inactive|liutwo has 120 seconds left.\n|\n|t:|1782757609\n|move|p2a: Scream Tail|Wish|p2a: Scream Tail\n|move|p1a: Reuniclus|Psychic|p2a: Scream Tail\n|-resisted|p2a: Scream Tail\n|-damage|p2a: Scream Tail|212/330\n|\n|-heal|p2a: Scream Tail|232/330|[from] item: Leftovers\n|upkeep\n|turn|10\n|\n|t:|1782757615\n|move|p2a: Scream Tail|Dazzling Gleam|p1a: Reuniclus\n|-resisted|p1a: Reuniclus\n|-damage|p1a: Reuniclus|250/337\n|move|p1a: Reuniclus|Psychic|p2a: Scream Tail\n|-resisted|p2a: Scream Tail\n|-damage|p2a: Scream Tail|159/330\n|\n|-heal|p2a: Scream Tail|324/330|[from] move: Wish|[wisher] Scream Tail\n|-heal|p2a: Scream Tail|330/330|[from] item: Leftovers\n|upkeep\n|turn|11\n|\n|t:|1782757628\n|move|p2a: Scream Tail|Wish|p2a: Scream Tail\n|move|p1a: Reuniclus|Psychic|p2a: Scream Tail\n|-resisted|p2a: Scream Tail\n|-damage|p2a: Scream Tail|260/330\n|\n|-heal|p2a: Scream Tail|280/330|[from] item: Leftovers\n|upkeep\n|turn|12\n|inactive|liutwo has 120 seconds left.\n|inactive|liutwo has 90 seconds left.\n|\n|t:|1782757688\n|move|p2a: Scream Tail|Dazzling Gleam|p1a: Reuniclus\n|-resisted|p1a: Reuniclus\n|-damage|p1a: Reuniclus|219/337\n|move|p1a: Reuniclus|Psychic|p2a: Scream Tail\n|-resisted|p2a: Scream Tail\n|-damage|p2a: Scream Tail|210/330\n|\n|-heal|p2a: Scream Tail|330/330|[from] move: Wish|[wisher] Scream Tail\n|upkeep\n|turn|13\n|\n|t:|1782757710\n|move|p2a: Scream Tail|Wish|p2a: Scream Tail\n|move|p1a: Reuniclus|Psychic|p2a: Scream Tail\n|-resisted|p2a: Scream Tail\n|-damage|p2a: Scream Tail|266/330\n|\n|-heal|p2a: Scream Tail|286/330|[from] item: Leftovers\n|upkeep\n|turn|14\n|\n|t:|1782757716\n|move|p2a: Scream Tail|Dazzling Gleam|p1a: Reuniclus\n|-resisted|p1a: Reuniclus\n|-damage|p1a: Reuniclus|191/337\n|move|p1a: Reuniclus|Recover|p1a: Reuniclus\n|-heal|p1a: Reuniclus|337/337\n|\n|-heal|p2a: Scream Tail|330/330|[from] move: Wish|[wisher] Scream Tail\n|upkeep\n|turn|15\n|\n|t:|1782757729\n|switch|p1a: Glastrier|Glastrier, L86|311/311\n|move|p2a: Scream Tail|Dazzling Gleam|p1a: Glastrier\n|-damage|p1a: Glastrier|263/311\n|\n|upkeep\n|turn|16\n|\n|t:|1782757741\n|-end|p2a: Scream Tail|Protosynthesis|[silent]\n|switch|p2a: Cloyster|Cloyster, L80, M|211/211\n|move|p1a: Glastrier|Heavy Slam|p2a: Cloyster\n|-damage|p2a: Cloyster|112/211\n|\n|upkeep\n|turn|17\n|\n|t:|1782757756\n|move|p2a: Cloyster|Shell Smash|p2a: Cloyster\n|-unboost|p2a: Cloyster|def|1\n|-unboost|p2a: Cloyster|spd|1\n|-boost|p2a: Cloyster|atk|2\n|-boost|p2a: Cloyster|spa|2\n|-boost|p2a: Cloyster|spe|2\n|-enditem|p2a: Cloyster|White Herb\n|-clearnegativeboost|p2a: Cloyster|[silent]\n|move|p1a: Glastrier|Heavy Slam|p2a: Cloyster\n|-damage|p2a: Cloyster|10/211\n|\n|upkeep\n|turn|18\n|\n|t:|1782757767\n|move|p2a: Cloyster|Rock Blast|p1a: Glastrier\n|-supereffective|p1a: Glastrier\n|-damage|p1a: Glastrier|217/311\n|-supereffective|p1a: Glastrier\n|-damage|p1a: Glastrier|169/311\n|-supereffective|p1a: Glastrier\n|-damage|p1a: Glastrier|123/311\n|-supereffective|p1a: Glastrier\n|-damage|p1a: Glastrier|79/311\n|-supereffective|p1a: Glastrier\n|-damage|p1a: Glastrier|35/311\n|-hitcount|p1a: Glastrier|5\n|move|p1a: Glastrier|Heavy Slam|p2a: Cloyster\n|-damage|p2a: Cloyster|0 fnt\n|faint|p2a: Cloyster\n|-ability|p1a: Glastrier|Chilling Neigh|boost\n|-boost|p1a: Glastrier|atk|1\n|\n|upkeep\n|\n|t:|1782757788\n|switch|p2a: Leafeon|Leafeon, L88, F|258/258\n|turn|19\n|\n|t:|1782757795\n|move|p2a: Leafeon|Knock Off|p1a: Glastrier\n|-damage|p1a: Glastrier|0 fnt\n|-enditem|p1a: Glastrier|Choice Band|[from] move: Knock Off|[of] p2a: Leafeon\n|faint|p1a: Glastrier\n|-damage|p2a: Leafeon|233/258|[from] item: Life Orb\n|\n|upkeep\n|inactive|liutwo has 60 seconds left.\n|\n|t:|1782757841\n|switch|p1a: Regice|Regice, L88|284/284\n|turn|20\n|\n|t:|1782757850\n|switch|p2a: Scream Tail|Scream Tail, L84|330/330\n|move|p1a: Regice|Ice Beam|p2a: Scream Tail\n|-damage|p2a: Scream Tail|246/330\n|\n|-heal|p2a: Scream Tail|266/330|[from] item: Leftovers\n|upkeep\n|turn|21\n|inactive|liutwo has 60 seconds left.\n|\n|t:|1782757857\n|move|p2a: Scream Tail|Wish|p2a: Scream Tail\n|move|p1a: Regice|Ice Beam|p2a: Scream Tail\n|-damage|p2a: Scream Tail|179/330\n|\n|-heal|p2a: Scream Tail|199/330|[from] item: Leftovers\n|upkeep\n|turn|22\n|inactive|liutwo has 60 seconds left.\n|\n|t:|1782757872\n|switch|p1a: Reuniclus|Reuniclus, L88, M, tera:Steel|337/337\n|move|p2a: Scream Tail|Dazzling Gleam|p1a: Reuniclus\n|-resisted|p1a: Reuniclus\n|-damage|p1a: Reuniclus|304/337\n|\n|-heal|p2a: Scream Tail|330/330|[from] move: Wish|[wisher] Scream Tail\n|upkeep\n|turn|23\n|inactive|liutwo has 60 seconds left.\n|\n|t:|1782757888\n|move|p2a: Scream Tail|Wish|p2a: Scream Tail\n|move|p1a: Reuniclus|Focus Blast|p2a: Scream Tail\n|-resisted|p2a: Scream Tail\n|-damage|p2a: Scream Tail|299/330\n|\n|-heal|p2a: Scream Tail|319/330|[from] item: Leftovers\n|upkeep\n|turn|24\n|\n|t:|1782757896\n|switch|p1a: Appletun|Appletun, L92, F|257/352\n|move|p2a: Scream Tail|Dazzling Gleam|p1a: Appletun\n|-supereffective|p1a: Appletun\n|-damage|p1a: Appletun|125/352\n|\n|-heal|p2a: Scream Tail|330/330|[from] move: Wish|[wisher] Scream Tail\n|upkeep\n|turn|25\n|\n|t:|1782757905\n|switch|p1a: Reuniclus|Reuniclus, L88, M, tera:Steel|304/337\n|move|p2a: Scream Tail|Dazzling Gleam|p1a: Reuniclus\n|-resisted|p1a: Reuniclus\n|-crit|p1a: Reuniclus\n|-damage|p1a: Reuniclus|256/337\n|\n|upkeep\n|turn|26\n|\n|t:|1782757912\n|move|p2a: Scream Tail|Protect|p2a: Scream Tail\n|-singleturn|p2a: Scream Tail|Protect\n|move|p1a: Reuniclus|Psychic|p2a: Scream Tail\n|-activate|p2a: Scream Tail|move: Protect\n|\n|upkeep\n|turn|27\n|inactive|liutwo has 60 seconds left.\n|inactive|liutwo has 30 seconds left.\n|inactive|liutwo has 20 seconds left.\n|inactive|liutwo has 15 seconds left.\n|inactive|liutwo has 10 seconds left.\n|\n|t:|1782757989\n|move|p2a: Scream Tail|Protect||[still]\n|-fail|p2a: Scream Tail\n|move|p1a: Reuniclus|Psychic|p2a: Scream Tail\n|-resisted|p2a: Scream Tail\n|-damage|p2a: Scream Tail|268/330\n|\n|-heal|p2a: Scream Tail|288/330|[from] item: Leftovers\n|upkeep\n|turn|28\n|inactive|liutwo has 20 seconds left this turn.\n|inactive|liutwo has 15 seconds left.\n|inactive|liutwo has 10 seconds left.\n|inactive|liutwo has 5 seconds left.\n|\n|t:|1782758005\n|switch|p1a: Regice|Regice, L88|284/284\n|move|p2a: Scream Tail|Protect||[still]\n|-fail|p2a: Scream Tail\n|\n|-heal|p2a: Scream Tail|308/330|[from] item: Leftovers\n|upkeep\n|turn|29\n|inactive|liutwo has 15 seconds left this turn.\n|inactive|liutwo has 10 seconds left.\n|\n|t:|1782758012\n|move|p2a: Scream Tail|Wish|p2a: Scream Tail\n|move|p1a: Regice|Ice Beam|p2a: Scream Tail\n|-damage|p2a: Scream Tail|224/330\n|\n|-heal|p2a: Scream Tail|244/330|[from] item: Leftovers\n|upkeep\n|turn|30\n|inactive|liutwo has 20 seconds left this turn.\n|inactive|liutwo has 15 seconds left.\n|\n|t:|1782758017\n|-end|p2a: Scream Tail|Protosynthesis|[silent]\n|switch|p2a: Heracross|Heracross, L80, M|205/259 brn\n|move|p1a: Regice|Ice Beam|p2a: Heracross\n|-damage|p2a: Heracross|102/259 brn\n|\n|-heal|p2a: Heracross|259/259 brn|[from] move: Wish|[wisher] Scream Tail\n|-damage|p2a: Heracross|243/259 brn|[from] brn\n|upkeep\n|turn|31\n|inactive|liutwo has 25 seconds left this turn.\n|inactive|liutwo has 20 seconds left.\n|inactive|liutwo has 15 seconds left.\n|\n|t:|1782758029\n|move|p2a: Heracross|Close Combat|p1a: Regice\n|-supereffective|p1a: Regice\n|-damage|p1a: Regice|0 fnt\n|-unboost|p2a: Heracross|def|1\n|-unboost|p2a: Heracross|spd|1\n|faint|p1a: Regice\n|\n|-damage|p2a: Heracross|227/259 brn|[from] brn\n|upkeep\n|inactive|liutwo has 20 seconds left this turn.\n|inactive|liutwo has 15 seconds left.\n|inactive|liutwo has 10 seconds left.\n|\n|t:|1782758041\n|switch|p1a: Tauros|Tauros, L82, M|257/257\n|turn|32\n|inactive|liutwo has 20 seconds left this turn.\n|\n|t:|1782758048\n|switch|p2a: Luvdisc|Luvdisc, M|247/247\n|move|p1a: Tauros|Body Slam|p2a: Luvdisc\n|-damage|p2a: Luvdisc|82/247\n|\n|upkeep\n|turn|33\n|inactive|liutwo has 30 seconds left this turn.\n|\n|t:|1782758054\n|move|p2a: Luvdisc|Substitute|p2a: Luvdisc\n|-start|p2a: Luvdisc|Substitute\n|-damage|p2a: Luvdisc|21/247\n|move|p1a: Tauros|Body Slam|p2a: Luvdisc\n|-end|p2a: Luvdisc|Substitute\n|\n|upkeep\n|turn|34\n|inactive|liutwo has 30 seconds left.\n|\n|t:|1782758061\n|switch|p1a: Appletun|Appletun, L92, F|125/352\n|move|p2a: Luvdisc|Endeavor|p1a: Appletun\n|-damage|p1a: Appletun|21/352\n|\n|upkeep\n|turn|35\n|\n|t:|1782758070\n|switch|p2a: Scream Tail|Scream Tail, L84|244/330\n|move|p1a: Appletun|Recover|p1a: Appletun\n|-heal|p1a: Appletun|197/352\n|\n|-heal|p2a: Scream Tail|264/330|[from] item: Leftovers\n|upkeep\n|turn|36\n|\n|t:|1782758082\n|-end|p2a: Scream Tail|Protosynthesis|[silent]\n|switch|p2a: Heracross|Heracross, L80, M|227/259 brn\n|switch|p1a: Tauros|Tauros, L82, M|257/257\n|\n|-damage|p2a: Heracross|211/259 brn|[from] brn\n|upkeep\n|turn|37\n|\n|t:|1782758102\n|switch|p2a: Scream Tail|Scream Tail, L84|264/330\n|move|p1a: Tauros|Body Slam|p2a: Scream Tail\n|-damage|p2a: Scream Tail|122/330\n|\n|-heal|p2a: Scream Tail|142/330|[from] item: Leftovers\n|upkeep\n|turn|38\n|j| Snake N My Boot\n|\n|t:|1782758116\n|move|p2a: Scream Tail|Protect|p2a: Scream Tail\n|-singleturn|p2a: Scream Tail|Protect\n|move|p1a: Tauros|Body Slam|p2a: Scream Tail\n|-activate|p2a: Scream Tail|move: Protect\n|\n|-heal|p2a: Scream Tail|162/330|[from] item: Leftovers\n|upkeep\n|turn|39\n|\n|t:|1782758124\n|move|p2a: Scream Tail|Wish|p2a: Scream Tail\n|move|p1a: Tauros|Body Slam|p2a: Scream Tail\n|-damage|p2a: Scream Tail|22/330\n|\n|-heal|p2a: Scream Tail|42/330|[from] item: Leftovers\n|upkeep\n|turn|40\n|\n|t:|1782758135\n|move|p2a: Scream Tail|Protect|p2a: Scream Tail\n|-singleturn|p2a: Scream Tail|Protect\n|move|p1a: Tauros|Body Slam|p2a: Scream Tail\n|-activate|p2a: Scream Tail|move: Protect\n|\n|-heal|p2a: Scream Tail|207/330|[from] move: Wish|[wisher] Scream Tail\n|-heal|p2a: Scream Tail|227/330|[from] item: Leftovers\n|upkeep\n|turn|41\n|\n|t:|1782758143\n|move|p2a: Scream Tail|Wish|p2a: Scream Tail\n|move|p1a: Tauros|Body Slam|p2a: Scream Tail\n|-damage|p2a: Scream Tail|81/330\n|\n|-heal|p2a: Scream Tail|101/330|[from] item: Leftovers\n|upkeep\n|turn|42\n|\n|t:|1782758150\n|move|p2a: Scream Tail|Protect|p2a: Scream Tail\n|-singleturn|p2a: Scream Tail|Protect\n|move|p1a: Tauros|Earthquake|p2a: Scream Tail\n|-activate|p2a: Scream Tail|move: Protect\n|\n|-heal|p2a: Scream Tail|266/330|[from] move: Wish|[wisher] Scream Tail\n|-heal|p2a: Scream Tail|286/330|[from] item: Leftovers\n|upkeep\n|turn|43\n|\n|t:|1782758158\n|move|p2a: Scream Tail|Encore|p1a: Tauros\n|-start|p1a: Tauros|Encore\n|move|p1a: Tauros|Earthquake|p2a: Scream Tail\n|-damage|p2a: Scream Tail|212/330\n|-damage|p1a: Tauros|232/257|[from] item: Life Orb\n|\n|-heal|p2a: Scream Tail|232/330|[from] item: Leftovers\n|upkeep\n|turn|44\n|inactive|liutwo has 60 seconds left.\n|\n|t:|1782758169\n|switch|p1a: Appletun|Appletun, L92, F|197/352\n|move|p2a: Scream Tail|Wish|p2a: Scream Tail\n|\n|-heal|p2a: Scream Tail|252/330|[from] item: Leftovers\n|upkeep\n|turn|45\n|inactive|liutwo has 60 seconds left.\n|\n|t:|1782758178\n|-end|p2a: Scream Tail|Protosynthesis|[silent]\n|switch|p2a: Heracross|Heracross, L80, M|211/259 brn\n|move|p1a: Appletun|Apple Acid|p2a: Heracross\n|-resisted|p2a: Heracross\n|-damage|p2a: Heracross|159/259 brn\n|-unboost|p2a: Heracross|spd|1\n|\n|-heal|p2a: Heracross|259/259 brn|[from] move: Wish|[wisher] Scream Tail\n|-damage|p2a: Heracross|243/259 brn|[from] brn\n|upkeep\n|turn|46\n|inactive|liutwo has 60 seconds left.\n|\n|t:|1782758189\n|move|p2a: Heracross|Facade|p1a: Appletun\n|-damage|p1a: Appletun|28/352\n|move|p1a: Appletun|Draco Meteor|p2a: Heracross\n|-damage|p2a: Heracross|0 fnt\n|-unboost|p1a: Appletun|spa|2\n|faint|p2a: Heracross\n|\n|upkeep\n|\n|t:|1782758196\n|switch|p2a: Leafeon|Leafeon, L88, F|233/258\n|turn|47\n|\n|t:|1782758200\n|move|p2a: Leafeon|Knock Off|p1a: Appletun\n|-damage|p1a: Appletun|0 fnt\n|faint|p1a: Appletun\n|-damage|p2a: Leafeon|208/258|[from] item: Life Orb\n|\n|upkeep\n|\n|t:|1782758208\n|switch|p1a: Reuniclus|Reuniclus, L88, M, tera:Steel|256/337\n|turn|48\n|\n|t:|1782758213\n|move|p2a: Leafeon|Knock Off|p1a: Reuniclus\n|-damage|p1a: Reuniclus|135/337\n|-enditem|p1a: Reuniclus|Life Orb|[from] move: Knock Off|[of] p2a: Leafeon\n|-damage|p2a: Leafeon|183/258|[from] item: Life Orb\n|move|p1a: Reuniclus|Psychic|p2a: Leafeon\n|-damage|p2a: Leafeon|33/258\n|\n|upkeep\n|turn|49\n|inactive|liutwo has 90 seconds left.\n|\n|t:|1782758220\n|switch|p2a: Scream Tail|Scream Tail, L84|252/330\n|move|p1a: Reuniclus|Psychic|p2a: Scream Tail\n|-resisted|p2a: Scream Tail\n|-damage|p2a: Scream Tail|196/330\n|\n|-heal|p2a: Scream Tail|216/330|[from] item: Leftovers\n|upkeep\n|turn|50\n|\n|t:|1782758229\n|move|p2a: Scream Tail|Encore|p1a: Reuniclus\n|-start|p1a: Reuniclus|Encore\n|move|p1a: Reuniclus|Psychic|p2a: Scream Tail\n|-resisted|p2a: Scream Tail\n|-damage|p2a: Scream Tail|160/330\n|\n|-heal|p2a: Scream Tail|180/330|[from] item: Leftovers\n|upkeep\n|turn|51\n|\n|t:|1782758236\n|switch|p1a: Tauros|Tauros, L82, M|232/257\n|move|p2a: Scream Tail|Wish|p2a: Scream Tail\n|\n|-heal|p2a: Scream Tail|200/330|[from] item: Leftovers\n|upkeep\n|turn|52\n|\n|t:|1782758243\n|move|p2a: Scream Tail|Dazzling Gleam|p1a: Tauros\n|-damage|p1a: Tauros|159/257\n|move|p1a: Tauros|Body Slam|p2a: Scream Tail\n|-damage|p2a: Scream Tail|74/330\n|\n|-heal|p2a: Scream Tail|239/330|[from] move: Wish|[wisher] Scream Tail\n|-heal|p2a: Scream Tail|259/330|[from] item: Leftovers\n|upkeep\n|turn|53\n|\n|t:|1782758251\n|move|p2a: Scream Tail|Wish|p2a: Scream Tail\n|move|p1a: Tauros|Body Slam|p2a: Scream Tail\n|-crit|p2a: Scream Tail\n|-damage|p2a: Scream Tail|51/330\n|\n|-heal|p2a: Scream Tail|71/330|[from] item: Leftovers\n|upkeep\n|turn|54\n|\n|t:|1782758258\n|move|p2a: Scream Tail|Protect|p2a: Scream Tail\n|-singleturn|p2a: Scream Tail|Protect\n|move|p1a: Tauros|Body Slam|p2a: Scream Tail\n|-activate|p2a: Scream Tail|move: Protect\n|\n|-heal|p2a: Scream Tail|236/330|[from] move: Wish|[wisher] Scream Tail\n|-heal|p2a: Scream Tail|256/330|[from] item: Leftovers\n|upkeep\n|turn|55\n|inactive|liutwo has 120 seconds left.\n|\n|t:|1782758288\n|move|p2a: Scream Tail|Dazzling Gleam|p1a: Tauros\n|-damage|p1a: Tauros|87/257\n|move|p1a: Tauros|Body Slam|p2a: Scream Tail\n|-damage|p2a: Scream Tail|120/330\n|\n|-heal|p2a: Scream Tail|140/330|[from] item: Leftovers\n|upkeep\n|turn|56\n|\n|t:|1782758296\n|move|p2a: Scream Tail|Protect|p2a: Scream Tail\n|-singleturn|p2a: Scream Tail|Protect\n|move|p1a: Tauros|Body Slam|p2a: Scream Tail\n|-activate|p2a: Scream Tail|move: Protect\n|\n|-heal|p2a: Scream Tail|160/330|[from] item: Leftovers\n|upkeep\n|turn|57\n|\n|t:|1782758304\n|move|p2a: Scream Tail|Wish|p2a: Scream Tail\n|move|p1a: Tauros|Body Slam|p2a: Scream Tail\n|-damage|p2a: Scream Tail|26/330\n|\n|-heal|p2a: Scream Tail|46/330|[from] item: Leftovers\n|upkeep\n|turn|58\n|\n|t:|1782758310\n|move|p2a: Scream Tail|Protect|p2a: Scream Tail\n|-singleturn|p2a: Scream Tail|Protect\n|move|p1a: Tauros|Body Slam|p2a: Scream Tail\n|-activate|p2a: Scream Tail|move: Protect\n|\n|-heal|p2a: Scream Tail|211/330|[from] move: Wish|[wisher] Scream Tail\n|-heal|p2a: Scream Tail|231/330|[from] item: Leftovers\n|upkeep\n|turn|59\n|\n|t:|1782758319\n|move|p2a: Scream Tail|Wish|p2a: Scream Tail\n|move|p1a: Tauros|Body Slam|p2a: Scream Tail\n|-damage|p2a: Scream Tail|101/330\n|\n|-heal|p2a: Scream Tail|121/330|[from] item: Leftovers\n|upkeep\n|turn|60\n|\n|t:|1782758325\n|move|p2a: Scream Tail|Protect|p2a: Scream Tail\n|-singleturn|p2a: Scream Tail|Protect\n|move|p1a: Tauros|Body Slam|p2a: Scream Tail\n|-activate|p2a: Scream Tail|move: Protect\n|\n|-heal|p2a: Scream Tail|286/330|[from] move: Wish|[wisher] Scream Tail\n|-heal|p2a: Scream Tail|306/330|[from] item: Leftovers\n|upkeep\n|turn|61\n|\n|t:|1782758336\n|switch|p1a: Reuniclus|Reuniclus, L88, M, tera:Steel|135/337\n|move|p2a: Scream Tail|Dazzling Gleam|p1a: Reuniclus\n|-resisted|p1a: Reuniclus\n|-damage|p1a: Reuniclus|105/337\n|\n|-heal|p2a: Scream Tail|326/330|[from] item: Leftovers\n|upkeep\n|turn|62\n|\n|t:|1782758352\n|-end|p2a: Scream Tail|Protosynthesis|[silent]\n|switch|p2a: Luvdisc|Luvdisc, M|21/247\n|move|p1a: Reuniclus|Recover|p1a: Reuniclus\n|-heal|p1a: Reuniclus|274/337\n|\n|upkeep\n|turn|63\n|\n|t:|1782758361\n|move|p2a: Luvdisc|Endeavor|p1a: Reuniclus\n|-damage|p1a: Reuniclus|21/337\n|move|p1a: Reuniclus|Psychic|p2a: Luvdisc\n|-crit|p2a: Luvdisc\n|-damage|p2a: Luvdisc|0 fnt\n|faint|p2a: Luvdisc\n|\n|upkeep\n|\n|t:|1782758371\n|switch|p2a: Scream Tail|Scream Tail, L84|326/330\n|turn|64\n|\n|t:|1782758379\n|move|p2a: Scream Tail|Dazzling Gleam|p1a: Reuniclus\n|-resisted|p1a: Reuniclus\n|-damage|p1a: Reuniclus|0 fnt\n|faint|p1a: Reuniclus\n|\n|-heal|p2a: Scream Tail|330/330|[from] item: Leftovers\n|upkeep\n|\n|t:|1782758385\n|switch|p1a: Haxorus|Haxorus, L77, F|244/244\n|-ability|p1a: Haxorus|Mold Breaker\n|turn|65\n|\n|t:|1782758390\n|move|p2a: Scream Tail|Dazzling Gleam|p1a: Haxorus\n|-supereffective|p1a: Haxorus\n|-damage|p1a: Haxorus|70/244\n|move|p1a: Haxorus|Dragon Dance|p1a: Haxorus\n|-boost|p1a: Haxorus|atk|1\n|-boost|p1a: Haxorus|spe|1\n|\n|upkeep\n|turn|66\n|\n|t:|1782758396\n|-terastallize|p2a: Scream Tail|Steel\n|move|p1a: Haxorus|Iron Head|p2a: Scream Tail\n|-resisted|p2a: Scream Tail\n|-damage|p2a: Scream Tail|284/330\n|move|p2a: Scream Tail|Encore|p1a: Haxorus\n|-start|p1a: Haxorus|Encore\n|\n|-heal|p2a: Scream Tail|304/330|[from] item: Leftovers\n|upkeep\n|turn|67\n|\n|t:|1782758404\n|move|p1a: Haxorus|Iron Head|p2a: Scream Tail\n|-resisted|p2a: Scream Tail\n|-damage|p2a: Scream Tail|256/330\n|move|p2a: Scream Tail|Dazzling Gleam|p1a: Haxorus\n|-supereffective|p1a: Haxorus\n|-damage|p1a: Haxorus|0 fnt\n|faint|p1a: Haxorus\n|\n|-heal|p2a: Scream Tail|276/330|[from] item: Leftovers\n|upkeep\n|c|\u2606stoogetv|gg\n|-message|liutwo forfeited.\n|\n|win|stoogetv\n|raw|liutwo's rating: 2049 &rarr; <strong>2029</strong><br />(-20 for losing)\n|raw|stoogetv's rating: 2049 &rarr; <strong>2069</strong><br />(+20 for winning)\n", "inputlog": ">version f8ac14003a5f27e1bdc8d8c59608a773c1cb96e5\n>start {\"formatid\":\"gen9randombattle\",\"seed\":\"sodium,693664c51d91fb1b73d68b34085b56ed\",\"rated\":\"Rated battle\"}\n>player p1 {\"name\":\"liutwo\",\"avatar\":\"169\",\"rating\":2049,\"seed\":\"sodium,bcea04b23a5a19853726fd66323152cd\"}\n>player p2 {\"name\":\"stoogetv\",\"avatar\":\"boarder\",\"rating\":2049,\"seed\":\"sodium,0afe05edc597a8cd0e9f559e09699a11\"}\n>p1 move dragontail\n>p2 move knockoff\n>p1 move dragontail\n>p2 move trailblaze\n>p1 move dragontail\n>p2 switch 6\n>p1 move appleacid\n>p2 move encore\n>p1 switch 4\n>p2 move wish\n>p1 move icebeam\n>p2 switch 5\n>p1 switch 5\n>p2 move trailblaze\n>p1 move psychic terastallize\n>p2 switch 5\n>p1 move psychic\n>p2 move wish\n>p1 move psychic\n>p2 move dazzlinggleam\n>p1 move psychic\n>p2 move wish\n>p1 move psychic\n>p2 move dazzlinggleam\n>p1 move psychic\n>p2 move wish\n>p1 move recover\n>p2 move dazzlinggleam\n>p1 switch 2\n>p2 move dazzlinggleam\n>p1 move heavyslam\n>p2 switch 2\n>p1 move heavyslam\n>p2 move shellsmash\n>p1 move heavyslam\n>p2 move rockblast\n>p2 switch 3\n>p1 move heavyslam\n>p2 move knockoff\n>p1 switch 5\n>p1 move icebeam\n>p2 switch 2\n>p1 move icebeam\n>p2 move wish\n>p1 switch 2\n>p2 move dazzlinggleam\n>p1 move focusblast\n>p2 move wish\n>p1 switch 4\n>p2 move dazzlinggleam\n>p1 switch 4\n>p2 move dazzlinggleam\n>p1 move psychic\n>p2 move protect\n>p1 move psychic\n>p2 move protect\n>p1 switch 2\n>p2 move protect\n>p1 move icebeam\n>p2 move wish\n>p1 move icebeam\n>p2 switch 5\n>p1 move icebeam\n>p2 move closecombat\n>p1 switch 6\n>p1 move bodyslam\n>p2 switch 6\n>p1 move bodyslam\n>p2 move substitute\n>p1 switch 4\n>p2 move endeavor\n>p1 move recover\n>p2 switch 5\n>p1 switch 4\n>p2 switch 6\n>p1 move bodyslam\n>p2 switch 6\n>p1 move bodyslam\n>p2 move protect\n>p1 move bodyslam\n>p2 move wish\n>p1 move bodyslam\n>p2 move protect\n>p1 move bodyslam\n>p2 move wish\n>p1 move earthquake\n>p2 move protect\n>p1 move bodyslam\n>p2 move encore\n>p1 switch 4\n>p2 move wish\n>p1 move appleacid\n>p2 switch 6\n>p1 move dracometeor\n>p2 move facade\n>p2 switch 2\n>p1 move dragontail\n>p2 move knockoff\n>p1 switch 2\n>p1 move psychic\n>p2 move knockoff\n>p1 move psychic\n>p2 switch 6\n>p1 move recover\n>p2 move encore\n>p1 switch 4\n>p2 move wish\n>p1 move bodyslam\n>p2 move dazzlinggleam\n>p1 move bodyslam\n>p2 move wish\n>p1 move bodyslam\n>p2 move protect\n>p1 move bodyslam\n>p2 move dazzlinggleam\n>p1 move bodyslam\n>p2 move protect\n>p1 move bodyslam\n>p2 move wish\n>p1 move bodyslam\n>p2 move protect\n>p1 move bodyslam\n>p2 move wish\n>p1 move bodyslam\n>p2 move protect\n>p1 switch 4\n>p2 move dazzlinggleam\n>p1 move recover\n>p2 switch 5\n>p1 move psychic\n>p2 move endeavor\n>p2 switch 5\n>p1 move recover\n>p2 move dazzlinggleam\n>p1 switch 3\n>p1 move dragondance\n>p2 move dazzlinggleam\n>p1 move ironhead\n>p2 move encore terastallize\n>p1 move ironhead\n>p2 move dazzlinggleam\n>chat \u2606stoogetv|gg\n>forcelose p1", "uploadtime": 1782757433, "views": 7, "formatid": "gen9randombattle", "rating": 2029, "private": 0, "password": null, "player_dets": [{"name": "liutwo", "avatar": "169", "rating": 2049, "seed": "sodium,bcea04b23a5a19853726fd66323152cd"}, {"name": "stoogetv", "avatar": "boarder", "rating": 2049, "seed": "sodium,0afe05edc597a8cd0e9f559e09699a11"}], "teams_full": [{"Appletun": {"name": "Appletun", "species": "Appletun", "speciesId": "appletun", "gender": "F", "shiny": false, "level": 92, "moves": ["recover", "dracometeor", "appleacid", "dragontail"], "ability": "Thick Fat", "evs": {"hp": 85, "atk": 85, "def": 85, "spa": 85, "spd": 85, "spe": 85}, "ivs": {"hp": 31, "atk": 31, "def": 31, "spa": 31, "spd": 31, "spe": 31}, "item": "Leftovers", "teraType": "Steel", "role": "Bulky Attacker", "bvs": {"hp": 110, "atk": 85, "def": 80, "spa": 100, "spd": 80, "spe": 30}, "stats": {"hp": 352, "atk": 209, "def": 200, "spa": 236, "spd": 200, "spe": 108}, "types": ["Grass", "Dragon"]}, "Glastrier": {"name": "Glastrier", "species": "Glastrier", "speciesId": "glastrier", "gender": "N", "shiny": false, "level": 86, "moves": ["highhorsepower", "iciclecrash", "closecombat", "heavyslam"], "ability": "Chilling Neigh", "evs": {"hp": 81, "atk": 85, "def": 85, "spa": 85, "spd": 85, "spe": 85}, "ivs": {"hp": 31, "atk": 31, "def": 31, "spa": 31, "spd": 31, "spe": 31}, "item": "Choice Band", "teraType": "Ground", "role": "Bulky Attacker", "bvs": {"hp": 100, "atk": 145, "def": 130, "spa": 65, "spd": 110, "spe": 30}, "stats": {"hp": 311, "atk": 299, "def": 273, "spa": 161, "spd": 238, "spe": 101}, "types": ["Ice"]}, "Haxorus": {"name": "Haxorus", "species": "Haxorus", "speciesId": "haxorus", "gender": "F", "shiny": false, "level": 77, "moves": ["dragondance", "outrage", "closecombat", "ironhead"], "ability": "Mold Breaker", "evs": {"hp": 85, "atk": 85, "def": 85, "spa": 85, "spd": 85, "spe": 85}, "ivs": {"hp": 31, "atk": 31, "def": 31, "spa": 31, "spd": 31, "spe": 31}, "item": "Lum Berry", "teraType": "Steel", "role": "Setup Sweeper", "bvs": {"hp": 76, "atk": 147, "def": 90, "spa": 60, "spd": 70, "spe": 97}, "stats": {"hp": 244, "atk": 271, "def": 183, "spa": 137, "spd": 152, "spe": 194}, "types": ["Dragon"]}, "Regice": {"name": "Regice", "species": "Regice", "speciesId": "regice", "gender": "N", "shiny": false, "level": 88, "moves": ["sleeptalk", "icebeam", "thunderbolt", "rest"], "ability": "Clear Body", "evs": {"hp": 85, "atk": 0, "def": 85, "spa": 85, "spd": 85, "spe": 85}, "ivs": {"hp": 31, "atk": 0, "def": 31, "spa": 31, "spd": 31, "spe": 31}, "item": "Heavy-Duty Boots", "teraType": "Electric", "role": "Bulky Attacker", "bvs": {"hp": 80, "atk": 50, "def": 100, "spa": 100, "spd": 200, "spe": 50}, "stats": {"hp": 284, "atk": 93, "def": 226, "spa": 226, "spd": 402, "spe": 138}, "types": ["Ice"]}, "Reuniclus": {"name": "Reuniclus", "species": "Reuniclus", "speciesId": "reuniclus", "gender": "M", "shiny": false, "level": 88, "moves": ["focusblast", "psychic", "calmmind", "recover"], "ability": "Magic Guard", "evs": {"hp": 85, "atk": 0, "def": 85, "spa": 85, "spd": 85, "spe": 85}, "ivs": {"hp": 31, "atk": 0, "def": 31, "spa": 31, "spd": 31, "spe": 31}, "item": "Life Orb", "teraType": "Steel", "role": "Bulky Setup", "bvs": {"hp": 110, "atk": 65, "def": 75, "spa": 125, "spd": 85, "spe": 30}, "stats": {"hp": 337, "atk": 119, "def": 182, "spa": 270, "spd": 200, "spe": 103}, "types": ["Psychic"]}, "Tauros": {"name": "Tauros", "species": "Tauros", "speciesId": "tauros", "gender": "M", "shiny": false, "level": 82, "moves": ["bodyslam", "throatchop", "earthquake", "closecombat"], "ability": "Sheer Force", "evs": {"hp": 85, "atk": 85, "def": 85, "spa": 85, "spd": 85, "spe": 85}, "ivs": {"hp": 31, "atk": 31, "def": 31, "spa": 31, "spd": 31, "spe": 31}, "item": "Life Orb", "teraType": "Normal", "role": "Fast Attacker", "bvs": {"hp": 75, "atk": 100, "def": 95, "spa": 40, "spd": 70, "spe": 110}, "stats": {"hp": 257, "atk": 211, "def": 203, "spa": 113, "spd": 162, "spe": 228}, "types": ["Normal"]}}, {"Heracross": {"name": "Heracross", "species": "Heracross", "speciesId": "heracross", "gender": "M", "shiny": false, "level": 80, "moves": ["closecombat", "facade", "knockoff", "trailblaze"], "ability": "Guts", "evs": {"hp": 85, "atk": 85, "def": 85, "spa": 85, "spd": 85, "spe": 85}, "ivs": {"hp": 31, "atk": 31, "def": 31, "spa": 31, "spd": 31, "spe": 31}, "item": "Flame Orb", "teraType": "Normal", "role": "Setup Sweeper", "bvs": {"hp": 80, "atk": 125, "def": 75, "spa": 40, "spd": 95, "spe": 85}, "stats": {"hp": 259, "atk": 246, "def": 166, "spa": 110, "spd": 198, "spe": 182}, "types": ["Bug", "Fighting"]}, "Cloyster": {"name": "Cloyster", "species": "Cloyster", "speciesId": "cloyster", "gender": "M", "shiny": false, "level": 80, "moves": ["shellsmash", "hydropump", "rockblast", "iciclespear"], "ability": "Skill Link", "evs": {"hp": 85, "atk": 85, "def": 85, "spa": 85, "spd": 85, "spe": 85}, "ivs": {"hp": 31, "atk": 31, "def": 31, "spa": 31, "spd": 31, "spe": 31}, "item": "White Herb", "teraType": "Ice", "role": "Setup Sweeper", "bvs": {"hp": 50, "atk": 95, "def": 180, "spa": 85, "spd": 45, "spe": 70}, "stats": {"hp": 211, "atk": 198, "def": 334, "spa": 182, "spd": 118, "spe": 158}, "types": ["Water", "Ice"]}, "Leafeon": {"name": "Leafeon", "species": "Leafeon", "speciesId": "leafeon", "gender": "F", "shiny": false, "level": 88, "moves": ["swordsdance", "leafblade", "knockoff", "synthesis"], "ability": "Chlorophyll", "evs": {"hp": 85, "atk": 85, "def": 85, "spa": 85, "spd": 85, "spe": 85}, "ivs": {"hp": 31, "atk": 31, "def": 31, "spa": 31, "spd": 31, "spe": 31}, "item": "Life Orb", "teraType": "Dark", "role": "Setup Sweeper", "bvs": {"hp": 65, "atk": 110, "def": 130, "spa": 60, "spd": 65, "spe": 95}, "stats": {"hp": 258, "atk": 244, "def": 279, "spa": 156, "spd": 165, "spe": 217}, "types": ["Grass"]}, "Latios": {"name": "Latios", "species": "Latios", "speciesId": "latios", "gender": "M", "shiny": false, "level": 78, "moves": ["dracometeor", "aurasphere", "flipturn", "lusterpurge"], "ability": "Levitate", "evs": {"hp": 85, "atk": 85, "def": 85, "spa": 85, "spd": 85, "spe": 85}, "ivs": {"hp": 31, "atk": 31, "def": 31, "spa": 31, "spd": 31, "spe": 31}, "item": "Choice Specs", "teraType": "Psychic", "role": "Fast Attacker", "bvs": {"hp": 80, "atk": 90, "def": 80, "spa": 130, "spd": 110, "spe": 110}, "stats": {"hp": 253, "atk": 185, "def": 170, "spa": 248, "spd": 217, "spe": 217}, "types": ["Dragon", "Psychic"]}, "Luvdisc": {"name": "Luvdisc", "species": "Luvdisc", "speciesId": "luvdisc", "gender": "M", "shiny": false, "level": 100, "moves": ["endeavor", "substitute", "whirlpool", "surf"], "ability": "Swift Swim", "evs": {"hp": 81, "atk": 0, "def": 85, "spa": 85, "spd": 85, "spe": 85}, "ivs": {"hp": 31, "atk": 0, "def": 31, "spa": 31, "spd": 31, "spe": 31}, "item": "Heavy-Duty Boots", "teraType": "Ground", "role": "Fast Support", "bvs": {"hp": 43, "atk": 30, "def": 55, "spa": 40, "spd": 65, "spe": 97}, "stats": {"hp": 247, "atk": 65, "def": 167, "spa": 137, "spd": 187, "spe": 251}, "types": ["Water"]}, "Scream Tail": {"name": "Scream Tail", "species": "Scream Tail", "speciesId": "screamtail", "gender": "N", "shiny": false, "level": 84, "moves": ["dazzlinggleam", "protect", "wish", "encore"], "ability": "Protosynthesis", "evs": {"hp": 85, "atk": 0, "def": 85, "spa": 85, "spd": 85, "spe": 85}, "ivs": {"hp": 31, "atk": 0, "def": 31, "spa": 31, "spd": 31, "spe": 31}, "item": "Leftovers", "teraType": "Steel", "role": "Bulky Attacker", "bvs": {"hp": 115, "atk": 65, "def": 99, "spa": 65, "spd": 115, "spe": 111}, "stats": {"hp": 330, "atk": 114, "def": 215, "spa": 157, "spd": 241, "spe": 235}, "types": ["Fairy", "Psychic"]}}]}