{"id": "gen9randombattle-2641626481", "format": "[Gen 9] Random Battle", "players": ["imuseless123", "grass1234567"], "log": "|j|\u2606imuseless123\n|j|\u2606grass1234567\n|t:|1782821158\n|gametype|singles\n|player|p1|imuseless123|flannery|1987\n|player|p2|grass1234567|pokemaniac|2020\n|gen|9\n|tier|[Gen 9] Random Battle\n|rated|\n|rule|Species Clause: Limit one of each Pok\u00e9mon\n|rule|HP Percentage Mod: HP is shown in percentages\n|rule|Sleep Clause Mod: Limit one foe put to sleep\n|rule|Illusion Level Mod: Illusion disguises the Pok\u00e9mon's true level\n|\n|t:|1782821158\n|teamsize|p1|6\n|teamsize|p2|6\n|start\n|switch|p1a: Duraludon|Duraludon, L82, F|249/249\n|switch|p2a: Whimsicott|Whimsicott, L84, M|238/238\n|turn|1\n|inactive|Battle timer is ON: inactive players will automatically lose when time's up. (requested by imuseless123)\n|\n|t:|1782821174\n|switch|p2a: Gastrodon|Gastrodon, L86, M|331/331\n|move|p1a: Duraludon|Flash Cannon|p2a: Gastrodon\n|-resisted|p2a: Gastrodon\n|-damage|p2a: Gastrodon|280/331\n|\n|-heal|p2a: Gastrodon|300/331|[from] item: Leftovers\n|upkeep\n|turn|2\n|\n|t:|1782821197\n|switch|p1a: Hatterene|Hatterene, L85, F|236/236\n|switch|p2a: Mamoswine|Mamoswine, L81, F|311/311\n|\n|upkeep\n|turn|3\n|inactive|grass1234567 has 120 seconds left.\n|inactive|grass1234567 has 90 seconds left.\n|\n|t:|1782821253\n|switch|p2a: Gastrodon|Gastrodon, L86, M|300/331\n|switch|p1a: Volbeat|Volbeat, L90, M|263/263\n|\n|-heal|p2a: Gastrodon|320/331|[from] item: Leftovers\n|upkeep\n|turn|4\n|inactive|grass1234567 has 90 seconds left.\n|inactive|imuseless123 has 120 seconds left.\n|\n|t:|1782821275\n|switch|p2a: Cresselia|Cresselia, L80, F|323/323\n|move|p1a: Volbeat|U-turn|p2a: Cresselia\n|-supereffective|p2a: Cresselia\n|-damage|p2a: Cresselia|209/323\n|inactive|imuseless123 has 120 seconds left.\n|\n|t:|1782821290\n|switch|p1a: Duraludon|Duraludon, L82, F|249/249|[from] U-turn\n|\n|-heal|p2a: Cresselia|229/323|[from] item: Leftovers\n|upkeep\n|turn|5\n|inactive|grass1234567 has 90 seconds left.\n|\n|t:|1782821296\n|-terastallize|p2a: Cresselia|Electric\n|move|p1a: Duraludon|Thunder Wave|p2a: Cresselia\n|-immune|p2a: Cresselia\n|move|p2a: Cresselia|Calm Mind|p2a: Cresselia\n|-boost|p2a: Cresselia|spa|1\n|-boost|p2a: Cresselia|spd|1\n|\n|-heal|p2a: Cresselia|249/323|[from] item: Leftovers\n|upkeep\n|turn|6\n|inactive|grass1234567 has 90 seconds left.\n|inactive|imuseless123 has 120 seconds left.\n|\n|t:|1782821315\n|switch|p1a: Volbeat|Volbeat, L90, M|263/263\n|move|p2a: Cresselia|Thunderbolt|p1a: Volbeat\n|-damage|p1a: Volbeat|154/263\n|\n|-heal|p2a: Cresselia|269/323|[from] item: Leftovers\n|upkeep\n|turn|7\n|inactive|grass1234567 has 90 seconds left.\n|inactive|grass1234567 has 60 seconds left.\n|\n|t:|1782821356\n|move|p1a: Volbeat|Roost|p1a: Volbeat\n|-heal|p1a: Volbeat|263/263\n|-singleturn|p1a: Volbeat|move: Roost\n|move|p2a: Cresselia|Psyshock|p1a: Volbeat\n|-damage|p1a: Volbeat|152/263\n|\n|-heal|p2a: Cresselia|289/323|[from] item: Leftovers\n|upkeep\n|turn|8\n|inactive|imuseless123 has 120 seconds left.\n|\n|t:|1782821379\n|move|p1a: Volbeat|U-turn|p2a: Cresselia\n|-damage|p2a: Cresselia|231/323\n|\n|t:|1782821380\n|switch|p1a: Hatterene|Hatterene, L85, F|236/236|[from] U-turn\n|move|p2a: Cresselia|Psyshock|p1a: Hatterene\n|-resisted|p1a: Hatterene\n|-damage|p1a: Hatterene|187/236\n|\n|-heal|p2a: Cresselia|251/323|[from] item: Leftovers\n|-heal|p1a: Hatterene|201/236|[from] item: Leftovers\n|upkeep\n|turn|9\n|\n|t:|1782821389\n|move|p2a: Cresselia|Thunderbolt|p1a: Hatterene\n|-damage|p1a: Hatterene|107/236\n|move|p1a: Hatterene|Calm Mind|p1a: Hatterene\n|-boost|p1a: Hatterene|spa|1\n|-boost|p1a: Hatterene|spd|1\n|\n|-heal|p2a: Cresselia|271/323|[from] item: Leftovers\n|-heal|p1a: Hatterene|121/236|[from] item: Leftovers\n|upkeep\n|turn|10\n|\n|t:|1782821397\n|move|p2a: Cresselia|Thunderbolt|p1a: Hatterene\n|-damage|p1a: Hatterene|57/236\n|move|p1a: Hatterene|Psyshock|p2a: Cresselia\n|-damage|p2a: Cresselia|109/323\n|\n|-heal|p2a: Cresselia|129/323|[from] item: Leftovers\n|-heal|p1a: Hatterene|71/236|[from] item: Leftovers\n|upkeep\n|turn|11\n|inactive|grass1234567 has 60 seconds left.\n|\n|t:|1782821430\n|switch|p2a: Mamoswine|Mamoswine, L81, F|311/311\n|move|p1a: Hatterene|Mystical Fire|p2a: Mamoswine\n|-supereffective|p2a: Mamoswine\n|-damage|p2a: Mamoswine|159/311\n|-unboost|p2a: Mamoswine|spa|1\n|\n|-heal|p1a: Hatterene|85/236|[from] item: Leftovers\n|upkeep\n|turn|12\n|\n|t:|1782821442\n|switch|p1a: Volbeat|Volbeat, L90, M|152/263\n|move|p2a: Mamoswine|Icicle Crash|p1a: Volbeat\n|-damage|p1a: Volbeat|6/263\n|-damage|p2a: Mamoswine|128/311|[from] item: Life Orb\n|\n|upkeep\n|turn|13\n|\n|t:|1782821450\n|switch|p1a: Duraludon|Duraludon, L82, F|249/249\n|move|p2a: Mamoswine|Stealth Rock|p1a: Duraludon\n|-sidestart|p1: imuseless123|move: Stealth Rock\n|\n|upkeep\n|turn|14\n|\n|t:|1782821478\n|switch|p2a: Gastrodon|Gastrodon, L86, M|320/331\n|move|p1a: Duraludon|Flash Cannon|p2a: Gastrodon\n|-resisted|p2a: Gastrodon\n|-damage|p2a: Gastrodon|275/331\n|-unboost|p2a: Gastrodon|spd|1\n|\n|-heal|p2a: Gastrodon|295/331|[from] item: Leftovers\n|upkeep\n|turn|15\n|\n|t:|1782821490\n|switch|p1a: Mudsdale|Mudsdale, L83, F|302/302\n|-damage|p1a: Mudsdale|284/302|[from] Stealth Rock\n|move|p2a: Gastrodon|Earthquake|p1a: Mudsdale\n|-damage|p1a: Mudsdale|197/302\n|-ability|p1a: Mudsdale|Stamina|boost\n|-boost|p1a: Mudsdale|def|1\n|\n|-heal|p2a: Gastrodon|315/331|[from] item: Leftovers\n|-heal|p1a: Mudsdale|215/302|[from] item: Leftovers\n|upkeep\n|turn|16\n|\n|t:|1782821499\n|move|p2a: Gastrodon|Surf|p1a: Mudsdale\n|-supereffective|p1a: Mudsdale\n|-damage|p1a: Mudsdale|5/302\n|-ability|p1a: Mudsdale|Stamina|boost\n|-boost|p1a: Mudsdale|def|1\n|move|p1a: Mudsdale|Stealth Rock|p2a: Gastrodon\n|-sidestart|p2: grass1234567|move: Stealth Rock\n|\n|-heal|p2a: Gastrodon|331/331|[from] item: Leftovers\n|-heal|p1a: Mudsdale|23/302|[from] item: Leftovers\n|upkeep\n|turn|17\n|\n|t:|1782821508\n|move|p2a: Gastrodon|Earthquake|p1a: Mudsdale\n|-damage|p1a: Mudsdale|0 fnt\n|faint|p1a: Mudsdale\n|\n|upkeep\n|\n|t:|1782821515\n|switch|p1a: Zamazenta|Zamazenta-Crowned, L68|238/238\n|-damage|p1a: Zamazenta|231/238|[from] Stealth Rock\n|-ability|p1a: Zamazenta|Dauntless Shield|boost\n|-boost|p1a: Zamazenta|def|1\n|turn|18\n|inactive|grass1234567 has 90 seconds left.\n|\n|t:|1782821522\n|switch|p2a: Whimsicott|Whimsicott, L84, M|238/238\n|-damage|p2a: Whimsicott|209/238|[from] Stealth Rock\n|move|p1a: Zamazenta|Iron Defense|p1a: Zamazenta\n|-boost|p1a: Zamazenta|def|2\n|\n|-heal|p2a: Whimsicott|223/238|[from] item: Leftovers\n|upkeep\n|turn|19\n|\n|t:|1782821530\n|switch|p1a: Volbeat|Volbeat, L90, M|6/263\n|move|p2a: Whimsicott|Encore||[still]\n|-fail|p2a: Whimsicott\n|\n|-heal|p2a: Whimsicott|237/238|[from] item: Leftovers\n|upkeep\n|turn|20\n|inactive|grass1234567 has 90 seconds left.\n|\n|t:|1782821545\n|move|p2a: Whimsicott|Substitute|p2a: Whimsicott\n|-start|p2a: Whimsicott|Substitute\n|-damage|p2a: Whimsicott|178/238\n|move|p1a: Volbeat|Encore|p2a: Whimsicott\n|-start|p2a: Whimsicott|Encore\n|\n|-heal|p2a: Whimsicott|192/238|[from] item: Leftovers\n|upkeep\n|turn|21\n|\n|t:|1782821551\n|move|p2a: Whimsicott|Substitute|p2a: Whimsicott\n|-fail|p2a: Whimsicott|move: Substitute\n|move|p1a: Volbeat|Roost|p1a: Volbeat\n|-heal|p1a: Volbeat|138/263\n|-singleturn|p1a: Volbeat|move: Roost\n|\n|-heal|p2a: Whimsicott|206/238|[from] item: Leftovers\n|upkeep\n|turn|22\n|\n|t:|1782821558\n|move|p2a: Whimsicott|Substitute|p2a: Whimsicott\n|-fail|p2a: Whimsicott|move: Substitute\n|move|p1a: Volbeat|U-turn|p2a: Whimsicott\n|-end|p2a: Whimsicott|Substitute\n|\n|t:|1782821563\n|switch|p1a: Hatterene|Hatterene, L85, F|85/236|[from] U-turn\n|-damage|p1a: Hatterene|56/236|[from] Stealth Rock\n|\n|-heal|p2a: Whimsicott|220/238|[from] item: Leftovers\n|-heal|p1a: Hatterene|70/236|[from] item: Leftovers\n|upkeep\n|turn|23\n|\n|t:|1782821578\n|switch|p2a: Gastrodon|Gastrodon, L86, M|331/331\n|-damage|p2a: Gastrodon|311/331|[from] Stealth Rock\n|move|p1a: Hatterene|Draining Kiss|p2a: Gastrodon\n|-damage|p2a: Gastrodon|239/331\n|-heal|p1a: Hatterene|124/236|[from] drain|[of] p2a: Gastrodon\n|\n|-heal|p2a: Gastrodon|259/331|[from] item: Leftovers\n|-heal|p1a: Hatterene|138/236|[from] item: Leftovers\n|upkeep\n|turn|24\n|\n|t:|1782821587\n|switch|p1a: Volbeat|Volbeat, L90, M|138/263\n|move|p2a: Gastrodon|Surf|p1a: Volbeat\n|-damage|p1a: Volbeat|42/263\n|\n|-heal|p2a: Gastrodon|279/331|[from] item: Leftovers\n|upkeep\n|turn|25\n|\n|t:|1782821604\n|switch|p2a: Whimsicott|Whimsicott, L84, M|220/238\n|-damage|p2a: Whimsicott|191/238|[from] Stealth Rock\n|move|p1a: Volbeat|Roost|p1a: Volbeat\n|-heal|p1a: Volbeat|174/263\n|-singleturn|p1a: Volbeat|move: Roost\n|\n|-heal|p2a: Whimsicott|205/238|[from] item: Leftovers\n|upkeep\n|turn|26\n|\n|t:|1782821617\n|switch|p1a: Hatterene|Hatterene, L85, F|138/236\n|-damage|p1a: Hatterene|109/236|[from] Stealth Rock\n|move|p2a: Whimsicott|Encore|p1a: Hatterene\n|move|p1a: Hatterene|Encore||[from] ability: Magic Bounce|[still]\n|-fail|p1a: Hatterene\n|\n|-heal|p2a: Whimsicott|219/238|[from] item: Leftovers\n|-heal|p1a: Hatterene|123/236|[from] item: Leftovers\n|upkeep\n|turn|27\n|inactive|grass1234567 has 90 seconds left.\n|\n|t:|1782821641\n|move|p2a: Whimsicott|Moonblast|p1a: Hatterene\n|-damage|p1a: Hatterene|54/236\n|move|p1a: Hatterene|Draining Kiss|p2a: Whimsicott\n|-crit|p2a: Whimsicott\n|-damage|p2a: Whimsicott|90/238\n|-heal|p1a: Hatterene|151/236|[from] drain|[of] p2a: Whimsicott\n|\n|-heal|p2a: Whimsicott|104/238|[from] item: Leftovers\n|-heal|p1a: Hatterene|165/236|[from] item: Leftovers\n|upkeep\n|turn|28\n|inactive|grass1234567 has 90 seconds left.\n|\n|t:|1782821664\n|switch|p2a: Gastrodon|Gastrodon, L86, M|279/331\n|-damage|p2a: Gastrodon|259/331|[from] Stealth Rock\n|move|p1a: Hatterene|Calm Mind|p1a: Hatterene\n|-boost|p1a: Hatterene|spa|1\n|-boost|p1a: Hatterene|spd|1\n|\n|-heal|p2a: Gastrodon|279/331|[from] item: Leftovers\n|-heal|p1a: Hatterene|179/236|[from] item: Leftovers\n|upkeep\n|turn|29\n|\n|t:|1782821673\n|switch|p1a: Volbeat|Volbeat, L90, M|174/263\n|move|p2a: Gastrodon|Earthquake|p1a: Volbeat\n|-resisted|p1a: Volbeat\n|-damage|p1a: Volbeat|120/263\n|\n|-heal|p2a: Gastrodon|299/331|[from] item: Leftovers\n|upkeep\n|turn|30\n|inactive|grass1234567 has 90 seconds left.\n|\n|t:|1782821682\n|switch|p2a: Cresselia|Cresselia, L80, F, tera:Electric|129/323\n|-damage|p2a: Cresselia|89/323|[from] Stealth Rock\n|move|p1a: Volbeat|Roost|p1a: Volbeat\n|-heal|p1a: Volbeat|252/263\n|-singleturn|p1a: Volbeat|move: Roost\n|\n|-heal|p2a: Cresselia|109/323|[from] item: Leftovers\n|upkeep\n|turn|31\n|\n|t:|1782821690\n|move|p1a: Volbeat|U-turn|p2a: Cresselia\n|-damage|p2a: Cresselia|52/323\n|\n|t:|1782821693\n|switch|p1a: Hatterene|Hatterene, L85, F|179/236|[from] U-turn\n|-damage|p1a: Hatterene|150/236|[from] Stealth Rock\n|move|p2a: Cresselia|Moonlight|p2a: Cresselia\n|-heal|p2a: Cresselia|213/323\n|\n|-heal|p2a: Cresselia|233/323|[from] item: Leftovers\n|-heal|p1a: Hatterene|164/236|[from] item: Leftovers\n|upkeep\n|turn|32\n|inactive|grass1234567 has 90 seconds left.\n|inactive|grass1234567 has 60 seconds left.\n|\n|t:|1782821769\n|switch|p2a: Gastrodon|Gastrodon, L86, M|299/331\n|-damage|p2a: Gastrodon|279/331|[from] Stealth Rock\n|move|p1a: Hatterene|Calm Mind|p1a: Hatterene\n|-boost|p1a: Hatterene|spa|1\n|-boost|p1a: Hatterene|spd|1\n|\n|-heal|p2a: Gastrodon|299/331|[from] item: Leftovers\n|-heal|p1a: Hatterene|178/236|[from] item: Leftovers\n|upkeep\n|turn|33\n|\n|t:|1782821779\n|-terastallize|p1a: Hatterene|Fairy\n|move|p2a: Gastrodon|Earthquake|p1a: Hatterene\n|-damage|p1a: Hatterene|90/236\n|move|p1a: Hatterene|Draining Kiss|p2a: Gastrodon\n|-damage|p2a: Gastrodon|113/331\n|-heal|p1a: Hatterene|230/236|[from] drain|[of] p2a: Gastrodon\n|\n|-heal|p2a: Gastrodon|133/331|[from] item: Leftovers\n|-heal|p1a: Hatterene|236/236|[from] item: Leftovers\n|upkeep\n|turn|34\n|\n|t:|1782821791\n|switch|p2a: Reuniclus|Reuniclus, L88, F|337/337\n|move|p1a: Hatterene|Draining Kiss|p2a: Reuniclus\n|-damage|p2a: Reuniclus|157/337\n|\n|upkeep\n|turn|35\n|\n|t:|1782821796\n|move|p2a: Reuniclus|Calm Mind|p2a: Reuniclus\n|-boost|p2a: Reuniclus|spa|1\n|-boost|p2a: Reuniclus|spd|1\n|move|p1a: Hatterene|Mystical Fire|p2a: Reuniclus\n|-damage|p2a: Reuniclus|91/337\n|-unboost|p2a: Reuniclus|spa|1\n|\n|upkeep\n|turn|36\n|\n|t:|1782821803\n|move|p2a: Reuniclus|Recover|p2a: Reuniclus\n|-heal|p2a: Reuniclus|260/337\n|move|p1a: Hatterene|Draining Kiss|p2a: Reuniclus\n|-damage|p2a: Reuniclus|144/337\n|\n|upkeep\n|turn|37\n|\n|t:|1782821809\n|move|p2a: Reuniclus|Calm Mind|p2a: Reuniclus\n|-boost|p2a: Reuniclus|spa|1\n|-boost|p2a: Reuniclus|spd|1\n|move|p1a: Hatterene|Mystical Fire|p2a: Reuniclus\n|-damage|p2a: Reuniclus|90/337\n|-unboost|p2a: Reuniclus|spa|1\n|\n|upkeep\n|turn|38\n|inactive|grass1234567 has 60 seconds left.\n|\n|t:|1782821816\n|switch|p1a: Volbeat|Volbeat, L90, M|252/263\n|move|p2a: Reuniclus|Recover|p2a: Reuniclus\n|-heal|p2a: Reuniclus|259/337\n|\n|upkeep\n|turn|39\n|inactive|grass1234567 has 60 seconds left.\n|\n|t:|1782821838\n|switch|p2a: Cresselia|Cresselia, L80, F, tera:Electric|233/323\n|-damage|p2a: Cresselia|193/323|[from] Stealth Rock\n|move|p1a: Volbeat|Thunder Wave|p2a: Cresselia\n|-immune|p2a: Cresselia\n|\n|-heal|p2a: Cresselia|213/323|[from] item: Leftovers\n|upkeep\n|turn|40\n|\n|t:|1782821847\n|move|p1a: Volbeat|U-turn|p2a: Cresselia\n|-damage|p2a: Cresselia|147/323\n|\n|t:|1782821849\n|switch|p1a: Hatterene|Hatterene, L85, F, tera:Fairy|236/236|[from] U-turn\n|-damage|p1a: Hatterene|207/236|[from] Stealth Rock\n|move|p2a: Cresselia|Psyshock|p1a: Hatterene\n|-damage|p1a: Hatterene|147/236\n|\n|-heal|p2a: Cresselia|167/323|[from] item: Leftovers\n|-heal|p1a: Hatterene|161/236|[from] item: Leftovers\n|upkeep\n|turn|41\n|\n|t:|1782821858\n|move|p2a: Cresselia|Calm Mind|p2a: Cresselia\n|-boost|p2a: Cresselia|spa|1\n|-boost|p2a: Cresselia|spd|1\n|move|p1a: Hatterene|Draining Kiss|p2a: Cresselia\n|-damage|p2a: Cresselia|103/323\n|-heal|p1a: Hatterene|209/236|[from] drain|[of] p2a: Cresselia\n|\n|-heal|p2a: Cresselia|123/323|[from] item: Leftovers\n|-heal|p1a: Hatterene|223/236|[from] item: Leftovers\n|upkeep\n|turn|42\n|\n|t:|1782821867\n|move|p2a: Cresselia|Psyshock|p1a: Hatterene\n|-crit|p1a: Hatterene\n|-damage|p1a: Hatterene|76/236\n|move|p1a: Hatterene|Calm Mind|p1a: Hatterene\n|-boost|p1a: Hatterene|spa|1\n|-boost|p1a: Hatterene|spd|1\n|\n|-heal|p2a: Cresselia|143/323|[from] item: Leftovers\n|-heal|p1a: Hatterene|90/236|[from] item: Leftovers\n|upkeep\n|turn|43\n|\n|t:|1782821879\n|move|p2a: Cresselia|Psyshock|p1a: Hatterene\n|-damage|p1a: Hatterene|5/236\n|move|p1a: Hatterene|Psyshock|p2a: Cresselia\n|-damage|p2a: Cresselia|0 fnt\n|faint|p2a: Cresselia\n|\n|-heal|p1a: Hatterene|19/236|[from] item: Leftovers\n|upkeep\n|inactive|grass1234567 has 60 seconds left.\n|\n|t:|1782821919\n|switch|p2a: Gastrodon|Gastrodon, L86, M|133/331\n|-damage|p2a: Gastrodon|113/331|[from] Stealth Rock\n|turn|44\n|\n|t:|1782821938\n|move|p2a: Gastrodon|Surf|p1a: Hatterene\n|-damage|p1a: Hatterene|0 fnt\n|faint|p1a: Hatterene\n|\n|-heal|p2a: Gastrodon|133/331|[from] item: Leftovers\n|upkeep\n|\n|t:|1782821945\n|switch|p1a: Tauros|Tauros-Paldea-Blaze, L81, M|252/252\n|-damage|p1a: Tauros|221/252|[from] Stealth Rock\n|turn|45\n|\n|t:|1782821968\n|switch|p2a: Keldeo|Keldeo-Resolute, L79|273/273\n|-damage|p2a: Keldeo|256/273|[from] Stealth Rock\n|move|p1a: Tauros|Close Combat|p2a: Keldeo\n|-damage|p2a: Keldeo|129/273\n|-unboost|p1a: Tauros|def|1\n|-unboost|p1a: Tauros|spd|1\n|\n|-heal|p2a: Keldeo|146/273|[from] item: Leftovers\n|upkeep\n|turn|46\n|\n|t:|1782821978\n|switch|p1a: Volbeat|Volbeat, L90, M|252/263\n|move|p2a: Keldeo|Surf|p1a: Volbeat\n|-damage|p1a: Volbeat|153/263\n|\n|-heal|p2a: Keldeo|163/273|[from] item: Leftovers\n|upkeep\n|turn|47\n|\n|t:|1782821993\n|move|p1a: Volbeat|Roost|p1a: Volbeat\n|-heal|p1a: Volbeat|263/263\n|-singleturn|p1a: Volbeat|move: Roost\n|move|p2a: Keldeo|Substitute|p2a: Keldeo\n|-start|p2a: Keldeo|Substitute\n|-damage|p2a: Keldeo|95/273\n|\n|-heal|p2a: Keldeo|112/273|[from] item: Leftovers\n|upkeep\n|turn|48\n|\n|t:|1782822003\n|switch|p2a: Gastrodon|Gastrodon, L86, M|133/331\n|-damage|p2a: Gastrodon|113/331|[from] Stealth Rock\n|move|p1a: Volbeat|Encore||[still]\n|-fail|p1a: Volbeat\n|\n|-heal|p2a: Gastrodon|133/331|[from] item: Leftovers\n|upkeep\n|turn|49\n|\n|t:|1782822010\n|move|p1a: Volbeat|U-turn|p2a: Gastrodon\n|-damage|p2a: Gastrodon|46/331\n|\n|t:|1782822016\n|switch|p1a: Zamazenta|Zamazenta-Crowned, L68|231/238|[from] U-turn\n|-damage|p1a: Zamazenta|224/238|[from] Stealth Rock\n|move|p2a: Gastrodon|Recover|p2a: Gastrodon\n|-heal|p2a: Gastrodon|212/331\n|\n|-heal|p2a: Gastrodon|232/331|[from] item: Leftovers\n|upkeep\n|turn|50\n|inactive|grass1234567 has 60 seconds left.\n|\n|t:|1782822035\n|switch|p2a: Reuniclus|Reuniclus, L88, F|259/337\n|move|p1a: Zamazenta|Iron Defense|p1a: Zamazenta\n|-boost|p1a: Zamazenta|def|2\n|\n|upkeep\n|turn|51\n|\n|t:|1782822042\n|move|p1a: Zamazenta|Heavy Slam|p2a: Reuniclus\n|-damage|p2a: Reuniclus|157/337\n|move|p2a: Reuniclus|Focus Blast|p1a: Zamazenta\n|-supereffective|p1a: Zamazenta\n|-damage|p1a: Zamazenta|0 fnt\n|faint|p1a: Zamazenta\n|\n|upkeep\n|\n|t:|1782822049\n|switch|p1a: Volbeat|Volbeat, L90, M|263/263\n|turn|52\n|\n|t:|1782822053\n|switch|p2a: Gastrodon|Gastrodon, L86, M|232/331\n|-damage|p2a: Gastrodon|212/331|[from] Stealth Rock\n|move|p1a: Volbeat|U-turn|p2a: Gastrodon\n|-damage|p2a: Gastrodon|125/331\n|\n|t:|1782822055\n|switch|p1a: Tauros|Tauros-Paldea-Blaze, L81, M|221/252|[from] U-turn\n|-damage|p1a: Tauros|190/252|[from] Stealth Rock\n|\n|-heal|p2a: Gastrodon|145/331|[from] item: Leftovers\n|upkeep\n|turn|53\n|\n|t:|1782822066\n|switch|p2a: Whimsicott|Whimsicott, L84, M|104/238\n|-damage|p2a: Whimsicott|75/238|[from] Stealth Rock\n|move|p1a: Tauros|Close Combat|p2a: Whimsicott\n|-resisted|p2a: Whimsicott\n|-damage|p2a: Whimsicott|12/238\n|-unboost|p1a: Tauros|def|1\n|-unboost|p1a: Tauros|spd|1\n|\n|-heal|p2a: Whimsicott|26/238|[from] item: Leftovers\n|upkeep\n|turn|54\n|inactive|grass1234567 has 60 seconds left.\n|\n|t:|1782822099\n|switch|p1a: Volbeat|Volbeat, L90, M|263/263\n|move|p2a: Whimsicott|Leech Seed|p1a: Volbeat\n|-start|p1a: Volbeat|move: Leech Seed\n|\n|-heal|p2a: Whimsicott|40/238|[from] item: Leftovers\n|-damage|p1a: Volbeat|231/263|[from] Leech Seed|[of] p2a: Whimsicott\n|-heal|p2a: Whimsicott|72/238|[silent]\n|upkeep\n|turn|55\n|inactive|grass1234567 has 60 seconds left.\n|\n|t:|1782822116\n|switch|p2a: Keldeo|Keldeo-Resolute, L79|112/273\n|-damage|p2a: Keldeo|95/273|[from] Stealth Rock\n|move|p1a: Volbeat|U-turn|p2a: Keldeo\n|-resisted|p2a: Keldeo\n|-damage|p2a: Keldeo|61/273\n|\n|t:|1782822122\n|switch|p1a: Duraludon|Duraludon, L82, F|249/249|[from] U-turn\n|-damage|p1a: Duraludon|234/249|[from] Stealth Rock\n|\n|-heal|p2a: Keldeo|78/273|[from] item: Leftovers\n|upkeep\n|turn|56\n|inactive|grass1234567 has 60 seconds left.\n|\n|t:|1782822142\n|move|p2a: Keldeo|Surf|p1a: Duraludon\n|-resisted|p1a: Duraludon\n|-damage|p1a: Duraludon|181/249\n|move|p1a: Duraludon|Body Press|p2a: Keldeo\n|-damage|p2a: Keldeo|9/273\n|\n|-heal|p2a: Keldeo|26/273|[from] item: Leftovers\n|upkeep\n|turn|57\n|\n|t:|1782822153\n|switch|p1a: Volbeat|Volbeat, L90, M|231/263\n|move|p2a: Keldeo|Secret Sword|p1a: Volbeat\n|-resisted|p1a: Volbeat\n|-damage|p1a: Volbeat|175/263\n|\n|-heal|p2a: Keldeo|43/273|[from] item: Leftovers\n|upkeep\n|turn|58\n|\n|t:|1782822164\n|move|p2a: Keldeo|Surf|p1a: Volbeat\n|-damage|p1a: Volbeat|72/263\n|move|p1a: Volbeat|U-turn|p2a: Keldeo\n|-resisted|p2a: Keldeo\n|-damage|p2a: Keldeo|10/273\n|\n|t:|1782822168\n|switch|p1a: Duraludon|Duraludon, L82, F|181/249|[from] U-turn\n|-damage|p1a: Duraludon|166/249|[from] Stealth Rock\n|\n|-heal|p2a: Keldeo|27/273|[from] item: Leftovers\n|upkeep\n|turn|59\n|inactive|grass1234567 has 60 seconds left.\n|\n|t:|1782822175\n|move|p2a: Keldeo|Surf|p1a: Duraludon\n|-resisted|p1a: Duraludon\n|-damage|p1a: Duraludon|113/249\n|move|p1a: Duraludon|Body Press|p2a: Keldeo\n|-damage|p2a: Keldeo|0 fnt\n|faint|p2a: Keldeo\n|\n|upkeep\n|inactive|grass1234567 has 60 seconds left.\n|\n|t:|1782822193\n|switch|p2a: Reuniclus|Reuniclus, L88, F|157/337\n|turn|60\n|\n|t:|1782822204\n|switch|p2a: Whimsicott|Whimsicott, L84, M|72/238\n|-damage|p2a: Whimsicott|43/238|[from] Stealth Rock\n|move|p1a: Duraludon|Draco Meteor|p2a: Whimsicott\n|-immune|p2a: Whimsicott\n|\n|-heal|p2a: Whimsicott|57/238|[from] item: Leftovers\n|upkeep\n|turn|61\n|\n|t:|1782822212\n|switch|p1a: Tauros|Tauros-Paldea-Blaze, L81, M|190/252\n|-damage|p1a: Tauros|159/252|[from] Stealth Rock\n|move|p2a: Whimsicott|Leech Seed|p1a: Tauros\n|-start|p1a: Tauros|move: Leech Seed\n|\n|-heal|p2a: Whimsicott|71/238|[from] item: Leftovers\n|-damage|p1a: Tauros|128/252|[from] Leech Seed|[of] p2a: Whimsicott\n|-heal|p2a: Whimsicott|102/238|[silent]\n|upkeep\n|turn|62\n|\n|t:|1782822222\n|move|p2a: Whimsicott|Substitute|p2a: Whimsicott\n|-start|p2a: Whimsicott|Substitute\n|-damage|p2a: Whimsicott|43/238\n|move|p1a: Tauros|Raging Bull|p2a: Whimsicott\n|-supereffective|p2a: Whimsicott\n|-end|p2a: Whimsicott|Substitute\n|\n|-heal|p2a: Whimsicott|57/238|[from] item: Leftovers\n|-damage|p1a: Tauros|97/252|[from] Leech Seed|[of] p2a: Whimsicott\n|-heal|p2a: Whimsicott|88/238|[silent]\n|upkeep\n|-enditem|p1a: Tauros|Sitrus Berry|[eat]\n|-heal|p1a: Tauros|160/252|[from] item: Sitrus Berry\n|turn|63\n|\n|t:|1782822236\n|switch|p1a: Duraludon|Duraludon, L82, F|113/249\n|-damage|p1a: Duraludon|98/249|[from] Stealth Rock\n|move|p2a: Whimsicott|Substitute|p2a: Whimsicott\n|-start|p2a: Whimsicott|Substitute\n|-damage|p2a: Whimsicott|29/238\n|\n|-heal|p2a: Whimsicott|43/238|[from] item: Leftovers\n|upkeep\n|turn|64\n|\n|t:|1782822246\n|move|p2a: Whimsicott|Moonblast|p1a: Duraludon\n|-crit|p1a: Duraludon\n|-damage|p1a: Duraludon|0 fnt\n|faint|p1a: Duraludon\n|\n|-heal|p2a: Whimsicott|57/238|[from] item: Leftovers\n|upkeep\n|\n|t:|1782822249\n|switch|p1a: Volbeat|Volbeat, L90, M|72/263\n|turn|65\n|\n|t:|1782822257\n|move|p2a: Whimsicott|Leech Seed|p1a: Volbeat\n|-start|p1a: Volbeat|move: Leech Seed\n|move|p1a: Volbeat|Roost|p1a: Volbeat\n|-heal|p1a: Volbeat|204/263\n|-singleturn|p1a: Volbeat|move: Roost\n|\n|-heal|p2a: Whimsicott|71/238|[from] item: Leftovers\n|-damage|p1a: Volbeat|172/263|[from] Leech Seed|[of] p2a: Whimsicott\n|-heal|p2a: Whimsicott|103/238|[silent]\n|upkeep\n|turn|66\n|inactive|grass1234567 has 90 seconds left.\n|\n|t:|1782822266\n|switch|p1a: Tauros|Tauros-Paldea-Blaze, L81, M|160/252\n|-damage|p1a: Tauros|129/252|[from] Stealth Rock\n|move|p2a: Whimsicott|Encore||[still]\n|-fail|p2a: Whimsicott\n|\n|-heal|p2a: Whimsicott|117/238|[from] item: Leftovers\n|upkeep\n|turn|67\n|\n|t:|1782822274\n|move|p2a: Whimsicott|Leech Seed|p1a: Tauros\n|-start|p1a: Tauros|move: Leech Seed\n|move|p1a: Tauros|Raging Bull|p2a: Whimsicott\n|-supereffective|p2a: Whimsicott\n|-end|p2a: Whimsicott|Substitute\n|\n|-heal|p2a: Whimsicott|131/238|[from] item: Leftovers\n|-damage|p1a: Tauros|98/252|[from] Leech Seed|[of] p2a: Whimsicott\n|-heal|p2a: Whimsicott|162/238|[silent]\n|upkeep\n|turn|68\n|-message|imuseless123 forfeited.\n|\n|win|grass1234567\n", "inputlog": ">version f8ac14003a5f27e1bdc8d8c59608a773c1cb96e5\n>start {\"formatid\":\"gen9randombattle\",\"seed\":\"sodium,d770ce4245e8f1ea87262be58722cfc8\",\"rated\":\"Rated battle\"}\n>player p1 {\"name\":\"imuseless123\",\"avatar\":\"flannery\",\"rating\":1987,\"seed\":\"sodium,08e9244ccef6a067f99b7fb6e6b8bbb1\"}\n>player p2 {\"name\":\"grass1234567\",\"avatar\":\"pokemaniac\",\"rating\":2020,\"seed\":\"sodium,a6801dba9bd84c4518c79470ffec16c7\"}\n>p1 move flashcannon\n>p2 switch 4\n>p1 switch 2\n>p2 switch 5\n>p1 switch 5\n>p2 switch 5\n>p1 move uturn\n>p2 switch 3\n>p1 switch 2\n>p1 move thunderwave\n>p2 move calmmind terastallize\n>p1 switch 2\n>p2 move thunderbolt\n>p1 move roost\n>p2 move psyshock\n>p1 move uturn\n>p2 move psyshock\n>p1 switch 5\n>p1 move calmmind\n>p2 move thunderbolt\n>p1 move psyshock\n>p2 move thunderbolt\n>p1 move mysticalfire\n>p2 switch 5\n>p1 switch 5\n>p2 move iciclecrash\n>p1 switch 2\n>p2 move stealthrock\n>p1 move flashcannon\n>p2 switch 3\n>p1 switch 3\n>p2 move earthquake\n>p1 move stealthrock\n>p2 move surf\n>p1 move earthquake\n>p2 move earthquake\n>p1 switch 6\n>p1 move irondefense\n>p2 switch 4\n>p1 switch 2\n>p2 move encore\n>p1 move encore\n>p2 move substitute\n>p1 move roost\n>p2 move substitute\n>p1 move uturn\n>p2 move substitute\n>p1 switch 5\n>p1 move drainingkiss\n>p2 switch 4\n>p1 switch 5\n>p2 move surf\n>p1 move roost\n>p2 switch 4\n>p1 switch 5\n>p2 move encore\n>p1 move drainingkiss\n>p2 move moonblast\n>p1 move calmmind\n>p2 switch 4\n>p1 switch 5\n>p2 move earthquake\n>p1 move roost\n>p2 switch 5\n>p1 move uturn\n>p2 move moonlight\n>p1 switch 5\n>p1 move calmmind\n>p2 switch 5\n>p1 move drainingkiss terastallize\n>p2 move earthquake\n>p1 move drainingkiss\n>p2 switch 2\n>p1 move mysticalfire\n>p2 move calmmind\n>p1 move drainingkiss\n>p2 move recover\n>p1 move mysticalfire\n>p2 move calmmind\n>p1 switch 5\n>p2 move recover\n>p1 move thunderwave\n>p2 switch 5\n>p1 move uturn\n>p2 move psyshock\n>p1 switch 5\n>p1 move drainingkiss\n>p2 move calmmind\n>p1 move calmmind\n>p2 move psyshock\n>p1 move psyshock\n>p2 move psyshock\n>p2 switch 2\n>p1 move drainingkiss\n>p2 move surf\n>p1 switch 4\n>p1 move closecombat\n>p2 switch 6\n>p1 switch 5\n>p2 move surf\n>p1 move roost\n>p2 move substitute\n>p1 move encore\n>p2 switch 6\n>p1 move uturn\n>p2 move recover\n>p1 switch 2\n>p1 move irondefense\n>p2 switch 5\n>p1 move heavyslam\n>p2 move focusblast\n>p1 switch 2\n>p1 move uturn\n>p2 switch 5\n>p1 switch 5\n>p1 move closecombat\n>p2 switch 4\n>p1 switch 5\n>p2 move leechseed\n>p1 move uturn\n>p2 switch 6\n>p1 switch 3\n>p1 move bodypress\n>p2 move surf\n>p1 switch 3\n>p2 move secretsword\n>p1 move uturn\n>p2 move surf\n>p1 switch 3\n>p1 move bodypress\n>p2 move surf\n>p2 switch 5\n>p1 move dracometeor\n>p2 switch 6\n>p1 switch 5\n>p2 move leechseed\n>p1 move ragingbull\n>p2 move substitute\n>p1 switch 5\n>p2 move substitute\n>p1 move flashcannon\n>p2 move moonblast\n>p1 switch 3\n>p1 move roost\n>p2 move leechseed\n>p1 switch 5\n>p2 move encore\n>p1 move ragingbull\n>p2 move leechseed\n>forcelose p1", "uploadtime": 1782821161, "views": 3, "formatid": "gen9randombattle", "rating": null, "private": 0, "password": null, "player_dets": [{"name": "imuseless123", "avatar": "flannery", "rating": 1987, "seed": "sodium,08e9244ccef6a067f99b7fb6e6b8bbb1"}, {"name": "grass1234567", "avatar": "pokemaniac", "rating": 2020, "seed": "sodium,a6801dba9bd84c4518c79470ffec16c7"}], "teams_full": [{"Duraludon": {"name": "Duraludon", "species": "Duraludon", "speciesId": "duraludon", "gender": "F", "shiny": false, "level": 82, "moves": ["flashcannon", "thunderwave", "dracometeor", "bodypress"], "ability": "Light Metal", "evs": {"hp": 85, "atk": 0, "def": 85, "spa": 85, "spd": 85, "spe": 85}, "ivs": {"hp": 31, "atk": 0, "def": 31, "spa": 31, "spd": 31, "spe": 31}, "item": "Eviolite", "teraType": "Fighting", "role": "Bulky Attacker", "bvs": {"hp": 70, "atk": 95, "def": 115, "spa": 120, "spd": 50, "spe": 85}, "stats": {"hp": 249, "atk": 160, "def": 236, "spa": 244, "spd": 129, "spe": 187}, "types": ["Steel", "Dragon"]}, "Hatterene": {"name": "Hatterene", "species": "Hatterene", "speciesId": "hatterene", "gender": "F", "shiny": false, "level": 85, "moves": ["calmmind", "mysticalfire", "psyshock", "drainingkiss"], "ability": "Magic Bounce", "evs": {"hp": 85, "atk": 0, "def": 85, "spa": 85, "spd": 85, "spe": 85}, "ivs": {"hp": 31, "atk": 0, "def": 31, "spa": 31, "spd": 31, "spe": 31}, "item": "Leftovers", "teraType": "Fairy", "role": "Bulky Setup", "bvs": {"hp": 57, "atk": 90, "def": 95, "spa": 136, "spd": 103, "spe": 29}, "stats": {"hp": 236, "atk": 158, "def": 210, "spa": 280, "spd": 224, "spe": 98}, "types": ["Psychic", "Fairy"]}, "Mudsdale": {"name": "Mudsdale", "species": "Mudsdale", "speciesId": "mudsdale", "gender": "F", "shiny": false, "level": 83, "moves": ["stealthrock", "roar", "heavyslam", "earthquake"], "ability": "Stamina", "evs": {"hp": 85, "atk": 85, "def": 85, "spa": 85, "spd": 85, "spe": 85}, "ivs": {"hp": 31, "atk": 31, "def": 31, "spa": 31, "spd": 31, "spe": 31}, "item": "Leftovers", "teraType": "Steel", "role": "Bulky Attacker", "bvs": {"hp": 100, "atk": 125, "def": 100, "spa": 55, "spd": 85, "spe": 35}, "stats": {"hp": 302, "atk": 255, "def": 214, "spa": 139, "spd": 189, "spe": 106}, "types": ["Ground"]}, "Tauros": {"name": "Tauros", "species": "Tauros-Paldea-Blaze", "speciesId": "taurospaldeablaze", "gender": "M", "shiny": false, "level": 81, "moves": ["substitute", "bulkup", "ragingbull", "closecombat"], "ability": "Cud Chew", "evs": {"hp": 73, "atk": 85, "def": 85, "spa": 85, "spd": 85, "spe": 85}, "ivs": {"hp": 31, "atk": 31, "def": 31, "spa": 31, "spd": 31, "spe": 31}, "item": "Sitrus Berry", "teraType": "Water", "role": "Fast Bulky Setup", "bvs": {"hp": 75, "atk": 110, "def": 105, "spa": 30, "spd": 70, "spe": 100}, "stats": {"hp": 252, "atk": 225, "def": 217, "spa": 95, "spd": 160, "spe": 209}, "types": ["Fighting", "Fire"]}, "Volbeat": {"name": "Volbeat", "species": "Volbeat", "speciesId": "volbeat", "gender": "M", "shiny": false, "level": 90, "moves": ["encore", "uturn", "roost", "thunderwave"], "ability": "Prankster", "evs": {"hp": 85, "atk": 85, "def": 85, "spa": 85, "spd": 85, "spe": 85}, "ivs": {"hp": 31, "atk": 31, "def": 31, "spa": 31, "spd": 31, "spe": 31}, "item": "Heavy-Duty Boots", "teraType": "Steel", "role": "Bulky Support", "bvs": {"hp": 65, "atk": 73, "def": 75, "spa": 47, "spd": 85, "spe": 85}, "stats": {"hp": 263, "atk": 183, "def": 186, "spa": 136, "spd": 204, "spe": 204}, "types": ["Bug"]}, "Zamazenta": {"name": "Zamazenta", "species": "Zamazenta", "speciesId": "zamazentacrowned", "gender": "N", "shiny": false, "level": 68, "moves": ["stoneedge", "bodypress", "heavyslam", "irondefense"], "ability": "Dauntless Shield", "evs": {"hp": 85, "atk": 85, "def": 85, "spa": 85, "spd": 85, "spe": 85}, "ivs": {"hp": 31, "atk": 31, "def": 31, "spa": 31, "spd": 31, "spe": 31}, "item": "Rusted Shield", "teraType": "Ghost", "role": "Bulky Setup", "bvs": {"hp": 92, "atk": 120, "def": 140, "spa": 80, "spd": 140, "spe": 128}, "stats": {"hp": 238, "atk": 203, "def": 230, "spa": 149, "spd": 230, "spe": 214}, "types": ["Fighting", "Steel"]}}, {"Whimsicott": {"name": "Whimsicott", "species": "Whimsicott", "speciesId": "whimsicott", "gender": "M", "shiny": false, "level": 84, "moves": ["substitute", "encore", "moonblast", "leechseed"], "ability": "Prankster", "evs": {"hp": 85, "atk": 0, "def": 85, "spa": 85, "spd": 85, "spe": 85}, "ivs": {"hp": 31, "atk": 0, "def": 31, "spa": 31, "spd": 31, "spe": 31}, "item": "Leftovers", "teraType": "Steel", "role": "Bulky Support", "bvs": {"hp": 60, "atk": 67, "def": 85, "spa": 77, "spd": 75, "spe": 116}, "stats": {"hp": 238, "atk": 117, "def": 191, "spa": 178, "spd": 174, "spe": 243}, "types": ["Grass", "Fairy"]}, "Reuniclus": {"name": "Reuniclus", "species": "Reuniclus", "speciesId": "reuniclus", "gender": "F", "shiny": false, "level": 88, "moves": ["psychic", "calmmind", "recover", "focusblast"], "ability": "Magic Guard", "evs": {"hp": 85, "atk": 0, "def": 85, "spa": 85, "spd": 85, "spe": 85}, "ivs": {"hp": 31, "atk": 0, "def": 31, "spa": 31, "spd": 31, "spe": 31}, "item": "Life Orb", "teraType": "Fighting", "role": "Bulky Setup", "bvs": {"hp": 110, "atk": 65, "def": 75, "spa": 125, "spd": 85, "spe": 30}, "stats": {"hp": 337, "atk": 119, "def": 182, "spa": 270, "spd": 200, "spe": 103}, "types": ["Psychic"]}, "Cresselia": {"name": "Cresselia", "species": "Cresselia", "speciesId": "cresselia", "gender": "F", "shiny": false, "level": 80, "moves": ["thunderbolt", "moonlight", "calmmind", "psyshock"], "ability": "Levitate", "evs": {"hp": 85, "atk": 0, "def": 85, "spa": 85, "spd": 85, "spe": 85}, "ivs": {"hp": 31, "atk": 0, "def": 31, "spa": 31, "spd": 31, "spe": 31}, "item": "Leftovers", "teraType": "Electric", "role": "Bulky Setup", "bvs": {"hp": 120, "atk": 70, "def": 110, "spa": 75, "spd": 120, "spe": 85}, "stats": {"hp": 323, "atk": 117, "def": 222, "spa": 166, "spd": 238, "spe": 182}, "types": ["Psychic"]}, "Gastrodon": {"name": "Gastrodon", "species": "Gastrodon", "speciesId": "gastrodon", "gender": "M", "shiny": false, "level": 86, "moves": ["surf", "earthquake", "recover", "icebeam"], "ability": "Storm Drain", "evs": {"hp": 85, "atk": 85, "def": 85, "spa": 85, "spd": 85, "spe": 85}, "ivs": {"hp": 31, "atk": 31, "def": 31, "spa": 31, "spd": 31, "spe": 31}, "item": "Leftovers", "teraType": "Poison", "role": "Bulky Attacker", "bvs": {"hp": 111, "atk": 83, "def": 68, "spa": 92, "spd": 82, "spe": 39}, "stats": {"hp": 331, "atk": 192, "def": 166, "spa": 207, "spd": 190, "spe": 116}, "types": ["Water", "Ground"]}, "Mamoswine": {"name": "Mamoswine", "species": "Mamoswine", "speciesId": "mamoswine", "gender": "F", "shiny": false, "level": 81, "moves": ["stealthrock", "iciclecrash", "earthquake", "iceshard"], "ability": "Thick Fat", "evs": {"hp": 85, "atk": 85, "def": 85, "spa": 85, "spd": 85, "spe": 85}, "ivs": {"hp": 31, "atk": 31, "def": 31, "spa": 31, "spd": 31, "spe": 31}, "item": "Life Orb", "teraType": "Ice", "role": "Wallbreaker", "bvs": {"hp": 110, "atk": 130, "def": 80, "spa": 70, "spd": 60, "spe": 80}, "stats": {"hp": 311, "atk": 257, "def": 176, "spa": 160, "spd": 144, "spe": 176}, "types": ["Ice", "Ground"]}, "Keldeo": {"name": "Keldeo", "species": "Keldeo-Resolute", "speciesId": "keldeoresolute", "gender": "N", "shiny": false, "level": 79, "moves": ["substitute", "surf", "calmmind", "secretsword"], "ability": "Justified", "evs": {"hp": 85, "atk": 0, "def": 85, "spa": 85, "spd": 85, "spe": 85}, "ivs": {"hp": 31, "atk": 0, "def": 31, "spa": 31, "spd": 31, "spe": 31}, "item": "Leftovers", "teraType": "Steel", "role": "Bulky Setup", "bvs": {"hp": 91, "atk": 72, "def": 90, "spa": 129, "spd": 90, "spe": 108}, "stats": {"hp": 273, "atk": 118, "def": 188, "spa": 249, "spd": 188, "spe": 216}, "types": ["Water", "Fighting"]}}]}