{"id": "gen9randombattle-2641723486", "format": "[Gen 9] Random Battle", "players": ["alvx", "ColdWaterSteam"], "log": "|j|\u2606alvx\n|j|\u2606ColdWaterSteam\n|t:|1782834272\n|gametype|singles\n|player|p1|alvx|alder|2216\n|player|p2|ColdWaterSteam|101|2204\n|gen|9\n|tier|[Gen 9] Random Battle\n|rated|\n|rule|Species Clause: Limit one of each Pok\u00e9mon\n|rule|HP Percentage Mod: HP is shown in percentages\n|rule|Sleep Clause Mod: Limit one foe put to sleep\n|rule|Illusion Level Mod: Illusion disguises the Pok\u00e9mon's true level\n|\n|t:|1782834272\n|teamsize|p1|6\n|teamsize|p2|6\n|start\n|switch|p1a: Reuniclus|Reuniclus, L88, F|337/337\n|switch|p2a: Pincurchin|Pincurchin, M|258/258\n|-fieldstart|move: Electric Terrain|[from] ability: Electric Surge|[of] p2a: Pincurchin\n|turn|1\n|inactive|Battle timer is ON: inactive players will automatically lose when time's up. (requested by ColdWaterSteam)\n|inactive|alvx also wants the timer to be on.\n|\n|t:|1782834293\n|move|p1a: Reuniclus|Calm Mind|p1a: Reuniclus\n|-boost|p1a: Reuniclus|spa|1\n|-boost|p1a: Reuniclus|spd|1\n|move|p2a: Pincurchin|Spikes|p1a: Reuniclus\n|-sidestart|p1: alvx|Spikes\n|\n|upkeep\n|turn|2\n|\n|t:|1782834299\n|switch|p2a: Swampert|Swampert, L83, M|302/302\n|move|p1a: Reuniclus|Psychic|p2a: Swampert\n|-damage|p2a: Swampert|52/302\n|\n|-heal|p2a: Swampert|70/302|[from] item: Leftovers\n|upkeep\n|turn|3\n|inactive|alvx has 120 seconds left.\n|\n|t:|1782834330\n|switch|p1a: Dudunsparce|Dudunsparce-Three-Segment, L83, F|343/343\n|-damage|p1a: Dudunsparce|301/343|[from] Spikes\n|move|p2a: Swampert|Stealth Rock|p1a: Dudunsparce\n|-sidestart|p1: alvx|move: Stealth Rock\n|\n|-heal|p2a: Swampert|88/302|[from] item: Leftovers\n|-heal|p1a: Dudunsparce|322/343|[from] item: Leftovers\n|upkeep\n|turn|4\n|\n|t:|1782834343\n|switch|p2a: Toxapex|Toxapex, L82, F|216/216\n|move|p1a: Dudunsparce|Earthquake|p2a: Toxapex\n|-supereffective|p2a: Toxapex\n|-damage|p2a: Toxapex|120/216\n|\n|-heal|p1a: Dudunsparce|343/343|[from] item: Leftovers\n|-heal|p2a: Toxapex|133/216|[from] item: Leftovers\n|upkeep\n|turn|5\n|\n|t:|1782834358\n|switch|p1a: Reuniclus|Reuniclus, L88, F|337/337\n|move|p2a: Toxapex|Liquidation|p1a: Reuniclus\n|-damage|p1a: Reuniclus|270/337\n|\n|-heal|p2a: Toxapex|146/216|[from] item: Leftovers\n|-fieldend|move: Electric Terrain\n|upkeep\n|turn|6\n|\n|t:|1782834366\n|switch|p2a: Swampert|Swampert, L83, M|88/302\n|move|p1a: Reuniclus|Psychic|p2a: Swampert\n|-damage|p2a: Swampert|0 fnt\n|faint|p2a: Swampert\n|\n|upkeep\n|\n|t:|1782834372\n|switch|p2a: Morpeko|Morpeko, L88, F|245/245\n|turn|7\n|\n|t:|1782834388\n|switch|p1a: Dudunsparce|Dudunsparce-Three-Segment, L83, F|343/343\n|-damage|p1a: Dudunsparce|301/343|[from] Spikes\n|-damage|p1a: Dudunsparce|259/343|[from] Stealth Rock\n|move|p2a: Morpeko|Protect||[still]\n|-fail|p2a: Morpeko\n|\n|-heal|p1a: Dudunsparce|280/343|[from] item: Leftovers\n|-formechange|p2a: Morpeko|Morpeko-Hangry||[from] ability: Hunger Switch\n|upkeep\n|turn|8\n|\n|t:|1782834396\n|move|p2a: Morpeko|Parting Shot|p1a: Dudunsparce\n|-unboost|p1a: Dudunsparce|atk|1\n|-unboost|p1a: Dudunsparce|spa|1\n|\n|t:|1782834401\n|switch|p2a: Pincurchin|Pincurchin, M|258/258|[from] Parting Shot\n|-fieldstart|move: Electric Terrain|[from] ability: Electric Surge|[of] p2a: Pincurchin\n|move|p1a: Dudunsparce|Earthquake|p2a: Pincurchin\n|-supereffective|p2a: Pincurchin\n|-damage|p2a: Pincurchin|186/258\n|\n|-heal|p1a: Dudunsparce|301/343|[from] item: Leftovers\n|-heal|p2a: Pincurchin|202/258|[from] item: Leftovers\n|upkeep\n|turn|9\n|\n|t:|1782834420\n|switch|p1a: Reuniclus|Reuniclus, L88, F|270/337\n|move|p2a: Pincurchin|Thunderbolt|p1a: Reuniclus\n|-damage|p1a: Reuniclus|98/337\n|\n|-heal|p2a: Pincurchin|218/258|[from] item: Leftovers\n|upkeep\n|turn|10\n|\n|t:|1782834426\n|move|p1a: Reuniclus|Recover|p1a: Reuniclus\n|-heal|p1a: Reuniclus|267/337\n|move|p2a: Pincurchin|Thunderbolt|p1a: Reuniclus\n|-damage|p1a: Reuniclus|89/337\n|\n|-heal|p2a: Pincurchin|234/258|[from] item: Leftovers\n|upkeep\n|turn|11\n|\n|t:|1782834433\n|switch|p1a: Dudunsparce|Dudunsparce-Three-Segment, L83, F|301/343\n|-damage|p1a: Dudunsparce|259/343|[from] Spikes\n|-damage|p1a: Dudunsparce|217/343|[from] Stealth Rock\n|move|p2a: Pincurchin|Thunderbolt|p1a: Dudunsparce\n|-damage|p1a: Dudunsparce|24/343\n|\n|-heal|p1a: Dudunsparce|45/343|[from] item: Leftovers\n|-heal|p2a: Pincurchin|250/258|[from] item: Leftovers\n|upkeep\n|turn|12\n|\n|t:|1782834437\n|move|p1a: Dudunsparce|Earthquake|p2a: Pincurchin\n|-supereffective|p2a: Pincurchin\n|-damage|p2a: Pincurchin|140/258\n|move|p2a: Pincurchin|Spikes|p1a: Dudunsparce\n|-sidestart|p1: alvx|Spikes\n|\n|-heal|p1a: Dudunsparce|66/343|[from] item: Leftovers\n|-heal|p2a: Pincurchin|156/258|[from] item: Leftovers\n|-fieldend|move: Electric Terrain\n|upkeep\n|turn|13\n|\n|t:|1782834444\n|switch|p2a: Scream Tail|Scream Tail, L84|330/330\n|move|p1a: Dudunsparce|Roost|p1a: Dudunsparce\n|-heal|p1a: Dudunsparce|238/343\n|-singleturn|p1a: Dudunsparce|move: Roost\n|\n|-heal|p1a: Dudunsparce|259/343|[from] item: Leftovers\n|upkeep\n|turn|14\n|\n|t:|1782834453\n|move|p2a: Scream Tail|Protect|p2a: Scream Tail\n|-singleturn|p2a: Scream Tail|Protect\n|move|p1a: Dudunsparce|Glare|p2a: Scream Tail\n|-activate|p2a: Scream Tail|move: Protect\n|\n|-heal|p1a: Dudunsparce|280/343|[from] item: Leftovers\n|upkeep\n|turn|15\n|\n|t:|1782834461\n|-end|p2a: Scream Tail|Protosynthesis|[silent]\n|switch|p2a: Pincurchin|Pincurchin, M|156/258\n|-fieldstart|move: Electric Terrain|[from] ability: Electric Surge|[of] p2a: Pincurchin\n|move|p1a: Dudunsparce|Earthquake|p2a: Pincurchin\n|-supereffective|p2a: Pincurchin\n|-damage|p2a: Pincurchin|46/258\n|\n|-heal|p1a: Dudunsparce|301/343|[from] item: Leftovers\n|-heal|p2a: Pincurchin|62/258|[from] item: Leftovers\n|upkeep\n|turn|16\n|\n|t:|1782834467\n|switch|p2a: Scream Tail|Scream Tail, L84|330/330\n|move|p1a: Dudunsparce|Earthquake|p2a: Scream Tail\n|-damage|p2a: Scream Tail|260/330\n|\n|-heal|p2a: Scream Tail|280/330|[from] item: Leftovers\n|-heal|p1a: Dudunsparce|322/343|[from] item: Leftovers\n|upkeep\n|turn|17\n|\n|t:|1782834472\n|move|p2a: Scream Tail|Thunder Wave|p1a: Dudunsparce|[miss]\n|-miss|p2a: Scream Tail|p1a: Dudunsparce\n|move|p1a: Dudunsparce|Glare|p2a: Scream Tail\n|-status|p2a: Scream Tail|par\n|\n|-heal|p1a: Dudunsparce|343/343|[from] item: Leftovers\n|-heal|p2a: Scream Tail|300/330 par|[from] item: Leftovers\n|upkeep\n|turn|18\n|\n|t:|1782834475\n|move|p1a: Dudunsparce|Headbutt|p2a: Scream Tail\n|-damage|p2a: Scream Tail|228/330 par\n|cant|p2a: Scream Tail|flinch\n|\n|-heal|p2a: Scream Tail|248/330 par|[from] item: Leftovers\n|upkeep\n|turn|19\n|\n|t:|1782834482\n|move|p1a: Dudunsparce|Headbutt|p2a: Scream Tail\n|-damage|p2a: Scream Tail|178/330 par\n|cant|p2a: Scream Tail|flinch\n|\n|-heal|p2a: Scream Tail|198/330 par|[from] item: Leftovers\n|-fieldend|move: Electric Terrain\n|upkeep\n|turn|20\n|\n|t:|1782834486\n|-end|p2a: Scream Tail|Protosynthesis|[silent]\n|switch|p2a: Toxapex|Toxapex, L82, F|216/216\n|move|p1a: Dudunsparce|Headbutt|p2a: Toxapex\n|-damage|p2a: Toxapex|164/216\n|\n|-heal|p2a: Toxapex|177/216|[from] item: Leftovers\n|upkeep\n|turn|21\n|\n|t:|1782834498\n|switch|p1a: Reuniclus|Reuniclus, L88, F|89/337\n|move|p2a: Toxapex|Toxic|p1a: Reuniclus\n|-status|p1a: Reuniclus|tox\n|\n|-heal|p2a: Toxapex|190/216|[from] item: Leftovers\n|upkeep\n|turn|22\n|\n|t:|1782834507\n|switch|p2a: Scream Tail|Scream Tail, L84|198/330 par\n|move|p1a: Reuniclus|Recover|p1a: Reuniclus\n|-heal|p1a: Reuniclus|258/337 tox\n|\n|-heal|p2a: Scream Tail|218/330 par|[from] item: Leftovers\n|upkeep\n|turn|23\n|\n|t:|1782834513\n|move|p2a: Scream Tail|Wish|p2a: Scream Tail\n|move|p1a: Reuniclus|Calm Mind|p1a: Reuniclus\n|-boost|p1a: Reuniclus|spa|1\n|-boost|p1a: Reuniclus|spd|1\n|\n|-heal|p2a: Scream Tail|238/330 par|[from] item: Leftovers\n|upkeep\n|turn|24\n|\n|t:|1782834518\n|-end|p2a: Scream Tail|Protosynthesis|[silent]\n|switch|p2a: Morpeko|Morpeko, L88, F|245/245\n|move|p1a: Reuniclus|Psychic|p2a: Morpeko\n|-immune|p2a: Morpeko\n|\n|-formechange|p2a: Morpeko|Morpeko-Hangry||[from] ability: Hunger Switch\n|upkeep\n|turn|25\n|inactive|alvx has 120 seconds left.\n|\n|t:|1782834556\n|-terastallize|p1a: Reuniclus|Fighting\n|move|p2a: Morpeko|Aura Wheel|p1a: Reuniclus\n|-resisted|p1a: Reuniclus\n|-damage|p1a: Reuniclus|192/337 tox\n|-boost|p2a: Morpeko|spe|1\n|move|p1a: Reuniclus|Focus Blast|p2a: Morpeko|[miss]\n|-miss|p1a: Reuniclus|p2a: Morpeko\n|\n|-formechange|p2a: Morpeko|Morpeko||[from] ability: Hunger Switch\n|upkeep\n|turn|26\n|inactive|alvx has 120 seconds left.\n|\n|t:|1782834575\n|move|p2a: Morpeko|Parting Shot|p1a: Reuniclus\n|-unboost|p1a: Reuniclus|atk|1\n|-unboost|p1a: Reuniclus|spa|1\n|\n|t:|1782834580\n|switch|p2a: Scream Tail|Scream Tail, L84|238/330 par|[from] Parting Shot\n|move|p1a: Reuniclus|Recover|p1a: Reuniclus\n|-heal|p1a: Reuniclus|337/337 tox\n|\n|-heal|p2a: Scream Tail|258/330 par|[from] item: Leftovers\n|upkeep\n|turn|27\n|\n|t:|1782834587\n|switch|p1a: Dudunsparce|Dudunsparce-Three-Segment, L83, F|343/343\n|-damage|p1a: Dudunsparce|286/343|[from] Spikes\n|-damage|p1a: Dudunsparce|244/343|[from] Stealth Rock\n|move|p2a: Scream Tail|Thunder Wave|p1a: Dudunsparce\n|-status|p1a: Dudunsparce|par\n|\n|-heal|p2a: Scream Tail|278/330 par|[from] item: Leftovers\n|-heal|p1a: Dudunsparce|265/343 par|[from] item: Leftovers\n|upkeep\n|turn|28\n|\n|t:|1782834597\n|move|p2a: Scream Tail|Play Rough|p1a: Dudunsparce\n|-crit|p1a: Dudunsparce\n|-damage|p1a: Dudunsparce|156/343 par\n|move|p1a: Dudunsparce|Earthquake|p2a: Scream Tail\n|-damage|p2a: Scream Tail|211/330 par\n|\n|-heal|p2a: Scream Tail|231/330 par|[from] item: Leftovers\n|-heal|p1a: Dudunsparce|177/343 par|[from] item: Leftovers\n|upkeep\n|turn|29\n|\n|t:|1782834603\n|move|p2a: Scream Tail|Play Rough|p1a: Dudunsparce|[miss]\n|-miss|p2a: Scream Tail|p1a: Dudunsparce\n|move|p1a: Dudunsparce|Roost|p1a: Dudunsparce\n|-heal|p1a: Dudunsparce|343/343 par\n|-singleturn|p1a: Dudunsparce|move: Roost\n|\n|-heal|p2a: Scream Tail|251/330 par|[from] item: Leftovers\n|upkeep\n|turn|30\n|\n|t:|1782834608\n|move|p2a: Scream Tail|Play Rough|p1a: Dudunsparce\n|-damage|p1a: Dudunsparce|262/343 par\n|move|p1a: Dudunsparce|Headbutt|p2a: Scream Tail\n|-damage|p2a: Scream Tail|178/330 par\n|\n|-heal|p2a: Scream Tail|198/330 par|[from] item: Leftovers\n|-heal|p1a: Dudunsparce|283/343 par|[from] item: Leftovers\n|upkeep\n|turn|31\n|\n|t:|1782834613\n|move|p2a: Scream Tail|Wish|p2a: Scream Tail\n|move|p1a: Dudunsparce|Headbutt|p2a: Scream Tail\n|-damage|p2a: Scream Tail|128/330 par\n|\n|-heal|p2a: Scream Tail|148/330 par|[from] item: Leftovers\n|-heal|p1a: Dudunsparce|304/343 par|[from] item: Leftovers\n|upkeep\n|turn|32\n|\n|t:|1782834619\n|switch|p1a: Sneasler|Sneasler, L74, F|240/240\n|-damage|p1a: Sneasler|200/240|[from] Spikes\n|-damage|p1a: Sneasler|185/240|[from] Stealth Rock\n|move|p2a: Scream Tail|Play Rough|p1a: Sneasler\n|-damage|p1a: Sneasler|83/240\n|-unboost|p1a: Sneasler|atk|1\n|\n|-heal|p2a: Scream Tail|313/330 par|[from] move: Wish|[wisher] Scream Tail\n|-heal|p2a: Scream Tail|330/330 par|[from] item: Leftovers\n|upkeep\n|turn|33\n|\n|t:|1782834631\n|-end|p2a: Scream Tail|Protosynthesis|[silent]\n|switch|p2a: Toxapex|Toxapex, L82, F|216/216\n|move|p1a: Sneasler|U-turn|p2a: Toxapex\n|-resisted|p2a: Toxapex\n|-damage|p2a: Toxapex|199/216\n|\n|t:|1782834635\n|switch|p1a: Reuniclus|Reuniclus, L88, F, tera:Fighting|337/337 tox|[from] U-turn\n|\n|-heal|p2a: Toxapex|212/216|[from] item: Leftovers\n|upkeep\n|turn|34\n|\n|t:|1782834644\n|switch|p2a: Scream Tail|Scream Tail, L84|330/330 par\n|move|p1a: Reuniclus|Psychic|p2a: Scream Tail\n|-resisted|p2a: Scream Tail\n|-damage|p2a: Scream Tail|268/330 par\n|-unboost|p2a: Scream Tail|spd|1\n|\n|-heal|p2a: Scream Tail|288/330 par|[from] item: Leftovers\n|upkeep\n|turn|35\n|\n|t:|1782834667\n|move|p2a: Scream Tail|Play Rough|p1a: Reuniclus\n|-supereffective|p1a: Reuniclus\n|-damage|p1a: Reuniclus|179/337 tox\n|-unboost|p1a: Reuniclus|atk|1\n|move|p1a: Reuniclus|Calm Mind|p1a: Reuniclus\n|-boost|p1a: Reuniclus|spa|1\n|-boost|p1a: Reuniclus|spd|1\n|\n|-heal|p2a: Scream Tail|308/330 par|[from] item: Leftovers\n|upkeep\n|turn|36\n|\n|t:|1782834676\n|cant|p2a: Scream Tail|par\n|move|p1a: Reuniclus|Recover|p1a: Reuniclus\n|-heal|p1a: Reuniclus|337/337 tox\n|\n|-heal|p2a: Scream Tail|328/330 par|[from] item: Leftovers\n|upkeep\n|turn|37\n|\n|t:|1782834682\n|-end|p2a: Scream Tail|Protosynthesis|[silent]\n|switch|p2a: Toxapex|Toxapex, L82, F|216/216\n|move|p1a: Reuniclus|Psychic|p2a: Toxapex\n|-supereffective|p2a: Toxapex\n|-damage|p2a: Toxapex|0 fnt\n|faint|p2a: Toxapex\n|\n|upkeep\n|\n|t:|1782834689\n|switch|p2a: Scream Tail|Scream Tail, L84|328/330 par\n|turn|38\n|\n|t:|1782834696\n|switch|p1a: Dudunsparce|Dudunsparce-Three-Segment, L83, F|304/343 par\n|-damage|p1a: Dudunsparce|247/343 par|[from] Spikes\n|-damage|p1a: Dudunsparce|205/343 par|[from] Stealth Rock\n|cant|p2a: Scream Tail|par\n|\n|-heal|p2a: Scream Tail|330/330 par|[from] item: Leftovers\n|-heal|p1a: Dudunsparce|226/343 par|[from] item: Leftovers\n|upkeep\n|turn|39\n|\n|t:|1782834703\n|move|p2a: Scream Tail|Play Rough|p1a: Dudunsparce\n|-damage|p1a: Dudunsparce|145/343 par\n|cant|p1a: Dudunsparce|par\n|\n|-heal|p1a: Dudunsparce|166/343 par|[from] item: Leftovers\n|upkeep\n|turn|40\n|\n|t:|1782834708\n|move|p2a: Scream Tail|Play Rough|p1a: Dudunsparce\n|-damage|p1a: Dudunsparce|87/343 par\n|move|p1a: Dudunsparce|Roost|p1a: Dudunsparce\n|-heal|p1a: Dudunsparce|259/343 par\n|-singleturn|p1a: Dudunsparce|move: Roost\n|\n|-heal|p1a: Dudunsparce|280/343 par|[from] item: Leftovers\n|upkeep\n|turn|41\n|\n|t:|1782834717\n|move|p2a: Scream Tail|Play Rough|p1a: Dudunsparce|[miss]\n|-miss|p2a: Scream Tail|p1a: Dudunsparce\n|move|p1a: Dudunsparce|Headbutt|p2a: Scream Tail\n|-damage|p2a: Scream Tail|263/330 par\n|\n|-heal|p2a: Scream Tail|283/330 par|[from] item: Leftovers\n|-heal|p1a: Dudunsparce|301/343 par|[from] item: Leftovers\n|upkeep\n|turn|42\n|\n|t:|1782834724\n|cant|p2a: Scream Tail|par\n|move|p1a: Dudunsparce|Headbutt|p2a: Scream Tail\n|-damage|p2a: Scream Tail|219/330 par\n|\n|-heal|p2a: Scream Tail|239/330 par|[from] item: Leftovers\n|-heal|p1a: Dudunsparce|322/343 par|[from] item: Leftovers\n|upkeep\n|turn|43\n|\n|t:|1782834729\n|move|p2a: Scream Tail|Wish|p2a: Scream Tail\n|move|p1a: Dudunsparce|Headbutt|p2a: Scream Tail\n|-damage|p2a: Scream Tail|173/330 par\n|\n|-heal|p2a: Scream Tail|193/330 par|[from] item: Leftovers\n|-heal|p1a: Dudunsparce|343/343 par|[from] item: Leftovers\n|upkeep\n|turn|44\n|\n|t:|1782834734\n|cant|p2a: Scream Tail|par\n|move|p1a: Dudunsparce|Earthquake|p2a: Scream Tail\n|-damage|p2a: Scream Tail|125/330 par\n|\n|-heal|p2a: Scream Tail|290/330 par|[from] move: Wish|[wisher] Scream Tail\n|-heal|p2a: Scream Tail|310/330 par|[from] item: Leftovers\n|upkeep\n|turn|45\n|\n|t:|1782834742\n|move|p2a: Scream Tail|Thunder Wave|p1a: Dudunsparce\n|-fail|p1a: Dudunsparce|par\n|move|p1a: Dudunsparce|Headbutt|p2a: Scream Tail\n|-damage|p2a: Scream Tail|241/330 par\n|\n|-heal|p2a: Scream Tail|261/330 par|[from] item: Leftovers\n|upkeep\n|turn|46\n|\n|t:|1782834750\n|cant|p2a: Scream Tail|par\n|move|p1a: Dudunsparce|Earthquake|p2a: Scream Tail\n|-crit|p2a: Scream Tail\n|-damage|p2a: Scream Tail|163/330 par\n|\n|-heal|p2a: Scream Tail|183/330 par|[from] item: Leftovers\n|upkeep\n|turn|47\n|\n|t:|1782834754\n|move|p2a: Scream Tail|Wish|p2a: Scream Tail\n|move|p1a: Dudunsparce|Headbutt|p2a: Scream Tail\n|-damage|p2a: Scream Tail|119/330 par\n|\n|-heal|p2a: Scream Tail|139/330 par|[from] item: Leftovers\n|upkeep\n|turn|48\n|\n|t:|1782834761\n|cant|p2a: Scream Tail|par\n|move|p1a: Dudunsparce|Earthquake|p2a: Scream Tail\n|-damage|p2a: Scream Tail|76/330 par\n|\n|-heal|p2a: Scream Tail|241/330 par|[from] move: Wish|[wisher] Scream Tail\n|-heal|p2a: Scream Tail|261/330 par|[from] item: Leftovers\n|upkeep\n|turn|49\n|\n|t:|1782834770\n|move|p2a: Scream Tail|Wish|p2a: Scream Tail\n|move|p1a: Dudunsparce|Headbutt|p2a: Scream Tail\n|-damage|p2a: Scream Tail|191/330 par\n|\n|-heal|p2a: Scream Tail|211/330 par|[from] item: Leftovers\n|upkeep\n|turn|50\n|\n|t:|1782834775\n|cant|p2a: Scream Tail|par\n|move|p1a: Dudunsparce|Earthquake|p2a: Scream Tail\n|-damage|p2a: Scream Tail|143/330 par\n|\n|-heal|p2a: Scream Tail|308/330 par|[from] move: Wish|[wisher] Scream Tail\n|-heal|p2a: Scream Tail|328/330 par|[from] item: Leftovers\n|upkeep\n|turn|51\n|\n|t:|1782834784\n|move|p2a: Scream Tail|Thunder Wave|p1a: Dudunsparce\n|-fail|p1a: Dudunsparce|par\n|cant|p1a: Dudunsparce|par\n|\n|-heal|p2a: Scream Tail|330/330 par|[from] item: Leftovers\n|upkeep\n|turn|52\n|\n|t:|1782834789\n|move|p2a: Scream Tail|Wish|p2a: Scream Tail\n|move|p1a: Dudunsparce|Headbutt|p2a: Scream Tail\n|-damage|p2a: Scream Tail|266/330 par\n|\n|-heal|p2a: Scream Tail|286/330 par|[from] item: Leftovers\n|upkeep\n|turn|53\n|\n|t:|1782834795\n|move|p2a: Scream Tail|Protect|p2a: Scream Tail\n|-singleturn|p2a: Scream Tail|Protect\n|move|p1a: Dudunsparce|Earthquake|p2a: Scream Tail\n|-activate|p2a: Scream Tail|move: Protect\n|\n|-heal|p2a: Scream Tail|330/330 par|[from] move: Wish|[wisher] Scream Tail\n|upkeep\n|turn|54\n|\n|t:|1782834804\n|cant|p2a: Scream Tail|par\n|cant|p1a: Dudunsparce|par\n|\n|upkeep\n|turn|55\n|\n|t:|1782834807\n|move|p2a: Scream Tail|Thunder Wave|p1a: Dudunsparce\n|-fail|p1a: Dudunsparce|par\n|move|p1a: Dudunsparce|Headbutt|p2a: Scream Tail\n|-damage|p2a: Scream Tail|257/330 par\n|\n|-heal|p2a: Scream Tail|277/330 par|[from] item: Leftovers\n|upkeep\n|turn|56\n|\n|t:|1782834815\n|move|p2a: Scream Tail|Wish|p2a: Scream Tail\n|cant|p1a: Dudunsparce|par\n|\n|-heal|p2a: Scream Tail|297/330 par|[from] item: Leftovers\n|upkeep\n|turn|57\n|\n|t:|1782834820\n|move|p2a: Scream Tail|Thunder Wave|p1a: Dudunsparce\n|-fail|p1a: Dudunsparce|par\n|move|p1a: Dudunsparce|Glare|p2a: Scream Tail\n|-fail|p2a: Scream Tail|par\n|\n|-heal|p2a: Scream Tail|330/330 par|[from] move: Wish|[wisher] Scream Tail\n|upkeep\n|turn|58\n|\n|t:|1782834829\n|cant|p2a: Scream Tail|par\n|move|p1a: Dudunsparce|Headbutt|p2a: Scream Tail\n|-damage|p2a: Scream Tail|257/330 par\n|\n|-heal|p2a: Scream Tail|277/330 par|[from] item: Leftovers\n|upkeep\n|turn|59\n|\n|t:|1782834840\n|cant|p2a: Scream Tail|par\n|move|p1a: Dudunsparce|Glare|p2a: Scream Tail\n|-fail|p2a: Scream Tail|par\n|\n|-heal|p2a: Scream Tail|297/330 par|[from] item: Leftovers\n|upkeep\n|turn|60\n|\n|t:|1782834846\n|move|p2a: Scream Tail|Wish|p2a: Scream Tail\n|move|p1a: Dudunsparce|Glare|p2a: Scream Tail\n|-fail|p2a: Scream Tail|par\n|\n|-heal|p2a: Scream Tail|317/330 par|[from] item: Leftovers\n|upkeep\n|turn|61\n|\n|t:|1782834851\n|cant|p2a: Scream Tail|par\n|cant|p1a: Dudunsparce|par\n|\n|-heal|p2a: Scream Tail|330/330 par|[from] move: Wish|[wisher] Scream Tail\n|upkeep\n|turn|62\n|\n|t:|1782834861\n|move|p2a: Scream Tail|Wish|p2a: Scream Tail\n|move|p1a: Dudunsparce|Earthquake|p2a: Scream Tail\n|-damage|p2a: Scream Tail|270/330 par\n|\n|-heal|p2a: Scream Tail|290/330 par|[from] item: Leftovers\n|upkeep\n|turn|63\n|\n|t:|1782834866\n|-end|p2a: Scream Tail|Protosynthesis|[silent]\n|switch|p2a: Morpeko|Morpeko, L88, F|245/245\n|move|p1a: Dudunsparce|Glare|p2a: Morpeko\n|-immune|p2a: Morpeko\n|\n|-formechange|p2a: Morpeko|Morpeko-Hangry||[from] ability: Hunger Switch\n|upkeep\n|turn|64\n|\n|t:|1782834879\n|move|p2a: Morpeko|Parting Shot|p1a: Dudunsparce\n|-unboost|p1a: Dudunsparce|atk|1\n|-unboost|p1a: Dudunsparce|spa|1\n|\n|t:|1782834883\n|switch|p2a: Scream Tail|Scream Tail, L84|290/330 par|[from] Parting Shot\n|move|p1a: Dudunsparce|Earthquake|p2a: Scream Tail\n|-damage|p2a: Scream Tail|247/330 par\n|\n|-heal|p2a: Scream Tail|267/330 par|[from] item: Leftovers\n|upkeep\n|turn|65\n|\n|t:|1782834888\n|cant|p2a: Scream Tail|par\n|move|p1a: Dudunsparce|Headbutt|p2a: Scream Tail\n|-damage|p2a: Scream Tail|218/330 par\n|\n|-heal|p2a: Scream Tail|238/330 par|[from] item: Leftovers\n|upkeep\n|turn|66\n|\n|t:|1782834893\n|move|p2a: Scream Tail|Wish|p2a: Scream Tail\n|move|p1a: Dudunsparce|Headbutt|p2a: Scream Tail\n|-damage|p2a: Scream Tail|195/330 par\n|\n|-heal|p2a: Scream Tail|215/330 par|[from] item: Leftovers\n|upkeep\n|turn|67\n|\n|t:|1782834899\n|move|p2a: Scream Tail|Thunder Wave|p1a: Dudunsparce\n|-fail|p1a: Dudunsparce|par\n|move|p1a: Dudunsparce|Earthquake|p2a: Scream Tail\n|-damage|p2a: Scream Tail|175/330 par\n|\n|-heal|p2a: Scream Tail|330/330 par|[from] move: Wish|[wisher] Scream Tail\n|upkeep\n|turn|68\n|\n|t:|1782834908\n|move|p2a: Scream Tail|Wish|p2a: Scream Tail\n|move|p1a: Dudunsparce|Headbutt|p2a: Scream Tail\n|-crit|p2a: Scream Tail\n|-damage|p2a: Scream Tail|231/330 par\n|\n|-heal|p2a: Scream Tail|251/330 par|[from] item: Leftovers\n|upkeep\n|turn|69\n|\n|t:|1782834914\n|move|p2a: Scream Tail|Thunder Wave|p1a: Dudunsparce\n|-fail|p1a: Dudunsparce|par\n|move|p1a: Dudunsparce|Glare|p2a: Scream Tail\n|-fail|p2a: Scream Tail|par\n|\n|-heal|p2a: Scream Tail|330/330 par|[from] move: Wish|[wisher] Scream Tail\n|upkeep\n|turn|70\n|\n|t:|1782834918\n|move|p2a: Scream Tail|Wish|p2a: Scream Tail\n|move|p1a: Dudunsparce|Glare|p2a: Scream Tail\n|-fail|p2a: Scream Tail|par\n|\n|upkeep\n|turn|71\n|\n|t:|1782834923\n|-end|p2a: Scream Tail|Protosynthesis|[silent]\n|switch|p2a: Morpeko|Morpeko, L88, F|245/245\n|cant|p1a: Dudunsparce|par\n|\n|-formechange|p2a: Morpeko|Morpeko-Hangry||[from] ability: Hunger Switch\n|upkeep\n|turn|72\n|\n|t:|1782834929\n|move|p2a: Morpeko|Parting Shot|p1a: Dudunsparce\n|-unboost|p1a: Dudunsparce|atk|1\n|-unboost|p1a: Dudunsparce|spa|1\n|\n|t:|1782834931\n|switch|p2a: Scream Tail|Scream Tail, L84|330/330 par|[from] Parting Shot\n|move|p1a: Dudunsparce|Glare|p2a: Scream Tail\n|-fail|p2a: Scream Tail|par\n|\n|upkeep\n|turn|73\n|\n|t:|1782834937\n|move|p2a: Scream Tail|Wish|p2a: Scream Tail\n|move|p1a: Dudunsparce|Headbutt|p2a: Scream Tail\n|-damage|p2a: Scream Tail|294/330 par\n|\n|-heal|p2a: Scream Tail|314/330 par|[from] item: Leftovers\n|upkeep\n|turn|74\n|\n|t:|1782834941\n|-end|p2a: Scream Tail|Protosynthesis|[silent]\n|switch|p2a: Pincurchin|Pincurchin, M|62/258\n|-fieldstart|move: Electric Terrain|[from] ability: Electric Surge|[of] p2a: Pincurchin\n|move|p1a: Dudunsparce|Earthquake|p2a: Pincurchin\n|-supereffective|p2a: Pincurchin\n|-damage|p2a: Pincurchin|0 fnt\n|faint|p2a: Pincurchin\n|\n|upkeep\n|\n|t:|1782834950\n|switch|p2a: Morpeko|Morpeko, L88, F|245/245\n|turn|75\n|\n|t:|1782834962\n|move|p2a: Morpeko|Aura Wheel|p1a: Dudunsparce\n|-damage|p1a: Dudunsparce|172/343 par\n|-boost|p2a: Morpeko|spe|1\n|cant|p1a: Dudunsparce|par\n|\n|-heal|p1a: Dudunsparce|193/343 par|[from] item: Leftovers\n|-formechange|p2a: Morpeko|Morpeko-Hangry||[from] ability: Hunger Switch\n|upkeep\n|turn|76\n|\n|t:|1782834976\n|move|p2a: Morpeko|Aura Wheel|p1a: Dudunsparce\n|-damage|p1a: Dudunsparce|51/343 par\n|-boost|p2a: Morpeko|spe|1\n|move|p1a: Dudunsparce|Earthquake|p2a: Morpeko\n|-supereffective|p2a: Morpeko\n|-damage|p2a: Morpeko|145/245\n|\n|-heal|p1a: Dudunsparce|72/343 par|[from] item: Leftovers\n|-formechange|p2a: Morpeko|Morpeko||[from] ability: Hunger Switch\n|upkeep\n|turn|77\n|\n|t:|1782834988\n|move|p2a: Morpeko|Aura Wheel|p1a: Dudunsparce\n|-damage|p1a: Dudunsparce|0 fnt\n|-boost|p2a: Morpeko|spe|1\n|faint|p1a: Dudunsparce\n|\n|-formechange|p2a: Morpeko|Morpeko-Hangry||[from] ability: Hunger Switch\n|upkeep\n|inactive|alvx has 120 seconds left.\n|\n|t:|1782835018\n|switch|p1a: Reuniclus|Reuniclus, L88, F, tera:Fighting|337/337 tox\n|turn|78\n|\n|t:|1782835023\n|move|p2a: Morpeko|Parting Shot|p1a: Reuniclus\n|-unboost|p1a: Reuniclus|atk|1\n|-unboost|p1a: Reuniclus|spa|1\n|\n|t:|1782835025\n|switch|p2a: Scream Tail|Scream Tail, L84|314/330 par|[from] Parting Shot\n|move|p1a: Reuniclus|Calm Mind|p1a: Reuniclus\n|-boost|p1a: Reuniclus|spa|1\n|-boost|p1a: Reuniclus|spd|1\n|\n|-heal|p2a: Scream Tail|330/330 par|[from] item: Leftovers\n|-fieldend|move: Electric Terrain\n|upkeep\n|turn|79\n|inactive|alvx has 120 seconds left.\n|\n|t:|1782835047\n|switch|p1a: Sneasler|Sneasler, L74, F|83/240\n|-damage|p1a: Sneasler|43/240|[from] Spikes\n|-damage|p1a: Sneasler|28/240|[from] Stealth Rock\n|cant|p2a: Scream Tail|par\n|\n|upkeep\n|turn|80\n|\n|t:|1782835055\n|move|p1a: Sneasler|Dire Claw|p2a: Scream Tail\n|-supereffective|p2a: Scream Tail\n|-damage|p2a: Scream Tail|108/330 par\n|move|p2a: Scream Tail|Play Rough|p1a: Sneasler\n|-damage|p1a: Sneasler|0 fnt\n|faint|p1a: Sneasler\n|\n|-heal|p2a: Scream Tail|128/330 par|[from] item: Leftovers\n|upkeep\n|inactive|alvx has 120 seconds left.\n|\n|t:|1782835078\n|switch|p1a: Heracross|Heracross, L80, M|259/259\n|-damage|p1a: Heracross|216/259|[from] Spikes\n|-damage|p1a: Heracross|184/259|[from] Stealth Rock\n|turn|81\n|\n|t:|1782835084\n|move|p1a: Heracross|Trailblaze|p2a: Scream Tail\n|-damage|p2a: Scream Tail|94/330 par\n|-boost|p1a: Heracross|spe|1\n|move|p2a: Scream Tail|Thunder Wave|p1a: Heracross\n|-status|p1a: Heracross|par\n|\n|-heal|p2a: Scream Tail|114/330 par|[from] item: Leftovers\n|upkeep\n|turn|82\n|\n|t:|1782835094\n|cant|p1a: Heracross|par\n|move|p2a: Scream Tail|Play Rough|p1a: Heracross\n|-supereffective|p1a: Heracross\n|-damage|p1a: Heracross|4/259 par\n|\n|-heal|p2a: Scream Tail|134/330 par|[from] item: Leftovers\n|upkeep\n|turn|83\n|\n|t:|1782835105\n|cant|p1a: Heracross|par\n|move|p2a: Scream Tail|Play Rough|p1a: Heracross\n|-supereffective|p1a: Heracross\n|-damage|p1a: Heracross|0 fnt\n|faint|p1a: Heracross\n|\n|-heal|p2a: Scream Tail|154/330 par|[from] item: Leftovers\n|upkeep\n|\n|t:|1782835123\n|switch|p1a: Reuniclus|Reuniclus, L88, F, tera:Fighting|337/337 tox\n|turn|84\n|\n|t:|1782835131\n|-end|p2a: Scream Tail|Protosynthesis|[silent]\n|switch|p2a: Morpeko|Morpeko, L88, F|145/245\n|move|p1a: Reuniclus|Psychic|p2a: Morpeko\n|-immune|p2a: Morpeko\n|\n|-formechange|p2a: Morpeko|Morpeko-Hangry||[from] ability: Hunger Switch\n|upkeep\n|turn|85\n|\n|t:|1782835137\n|move|p2a: Morpeko|Parting Shot|p1a: Reuniclus\n|-unboost|p1a: Reuniclus|atk|1\n|-unboost|p1a: Reuniclus|spa|1\n|\n|t:|1782835150\n|switch|p2a: Rayquaza|Rayquaza, L72|270/270|[from] Parting Shot\n|-ability|p2a: Rayquaza|Air Lock\n|move|p1a: Reuniclus|Calm Mind|p1a: Reuniclus\n|-boost|p1a: Reuniclus|spa|1\n|-boost|p1a: Reuniclus|spd|1\n|\n|upkeep\n|turn|86\n|\n|t:|1782835172\n|move|p2a: Rayquaza|Dragon Dance|p2a: Rayquaza\n|-boost|p2a: Rayquaza|atk|1\n|-boost|p2a: Rayquaza|spe|1\n|move|p1a: Reuniclus|Psychic|p2a: Rayquaza\n|-damage|p2a: Rayquaza|93/270\n|\n|upkeep\n|turn|87\n|inactive|alvx has 120 seconds left.\n|\n|t:|1782835193\n|move|p2a: Rayquaza|Dragon Ascent|p1a: Reuniclus\n|-supereffective|p1a: Reuniclus\n|-damage|p1a: Reuniclus|0 fnt\n|-unboost|p2a: Rayquaza|def|1\n|-unboost|p2a: Rayquaza|spd|1\n|faint|p1a: Reuniclus\n|\n|upkeep\n|\n|t:|1782835197\n|switch|p1a: Veluza|Veluza, L85, M|292/292\n|-damage|p1a: Veluza|244/292|[from] Spikes\n|-damage|p1a: Veluza|208/292|[from] Stealth Rock\n|turn|88\n|\n|t:|1782835206\n|-terastallize|p2a: Rayquaza|Flying\n|move|p2a: Rayquaza|Dragon Ascent|p1a: Veluza\n|-damage|p1a: Veluza|0 fnt\n|-unboost|p2a: Rayquaza|def|1\n|-unboost|p2a: Rayquaza|spd|1\n|faint|p1a: Veluza\n|\n|upkeep\n|\n|t:|1782835210\n|switch|p1a: Scyther|Scyther, L82, M|249/249\n|turn|89\n|\n|t:|1782835215\n|move|p2a: Rayquaza|Dragon Ascent|p1a: Scyther\n|-supereffective|p1a: Scyther\n|-damage|p1a: Scyther|0 fnt\n|-unboost|p2a: Rayquaza|def|1\n|-unboost|p2a: Rayquaza|spd|1\n|faint|p1a: Scyther\n|\n|win|ColdWaterSteam\n", "inputlog": ">version f8ac14003a5f27e1bdc8d8c59608a773c1cb96e5\n>start {\"formatid\":\"gen9randombattle\",\"seed\":\"sodium,ebd45042796f15381788247c8eb5a7e8\",\"rated\":\"Rated battle\"}\n>player p1 {\"name\":\"alvx\",\"avatar\":\"alder\",\"rating\":2216,\"seed\":\"sodium,e2cd835987ecccfd6458841269830981\"}\n>player p2 {\"name\":\"ColdWaterSteam\",\"avatar\":\"101\",\"rating\":2204,\"seed\":\"sodium,fb44e995410c6bb486d416bc2a90df21\"}\n>p1 move calmmind\n>p2 move spikes\n>p1 move psychic\n>p2 switch 6\n>p1 switch 5\n>p2 move stealthrock\n>p1 move earthquake\n>p2 switch 3\n>p1 switch 5\n>p2 move liquidation\n>p1 move psychic\n>p2 switch 3\n>p2 switch 4\n>p1 switch 5\n>p2 move protect\n>p1 move earthquake\n>p2 move partingshot\n>p2 switch 6\n>p1 switch 5\n>p2 move thunderbolt\n>p1 move recover\n>p2 move thunderbolt\n>p1 switch 5\n>p2 move thunderbolt\n>p1 move earthquake\n>p2 move spikes\n>p1 move roost\n>p2 switch 2\n>p1 move glare\n>p2 move protect\n>p1 move earthquake\n>p2 switch 2\n>p1 move earthquake\n>p2 switch 2\n>p1 move glare\n>p2 move thunderwave\n>p1 move headbutt\n>p2 move thunderwave\n>p1 move headbutt\n>p2 move thunderwave\n>p1 move headbutt\n>p2 switch 3\n>p1 switch 5\n>p2 move toxic\n>p1 move recover\n>p2 switch 3\n>p1 move calmmind\n>p2 move wish\n>p1 move psychic\n>p2 switch 6\n>p1 move focusblast terastallize\n>p2 move aurawheel\n>p1 move recover\n>p2 move partingshot\n>p2 switch 6\n>p1 switch 5\n>p2 move thunderwave\n>p1 move earthquake\n>p2 move playrough\n>p1 move roost\n>p2 move playrough\n>p1 move headbutt\n>p2 move playrough\n>p1 move headbutt\n>p2 move wish\n>p1 switch 6\n>p2 move playrough\n>p1 move uturn\n>p2 switch 3\n>p1 switch 5\n>p1 move psychic\n>p2 switch 3\n>p1 move calmmind\n>p2 move playrough\n>p1 move recover\n>p2 move playrough\n>p1 move psychic\n>p2 switch 3\n>p2 switch 3\n>p1 switch 6\n>p2 move playrough\n>p1 move headbutt\n>p2 move playrough\n>p1 move roost\n>p2 move playrough\n>p1 move headbutt\n>p2 move playrough\n>p1 move headbutt\n>p2 move wish\n>p1 move headbutt\n>p2 move wish\n>p1 move earthquake\n>p2 move protect\n>p1 move headbutt\n>p2 move thunderwave\n>p1 move earthquake\n>p2 move thunderwave\n>p1 move headbutt\n>p2 move wish\n>p1 move earthquake\n>p2 move thunderwave\n>p1 move headbutt\n>p2 move wish\n>p1 move earthquake\n>p2 move protect\n>p1 move headbutt\n>p2 move thunderwave\n>p1 move headbutt\n>p2 move wish\n>p1 move earthquake\n>p2 move protect\n>p1 move headbutt\n>p2 move thunderwave\n>p1 move headbutt\n>p2 move thunderwave\n>p1 move headbutt\n>p2 move wish\n>p1 move glare\n>p2 move thunderwave\n>p1 move headbutt\n>p2 move thunderwave\n>p1 move glare\n>p2 move protect\n>p1 move glare\n>p2 move wish\n>p1 move earthquake\n>p2 move playrough\n>p1 move earthquake\n>p2 move wish\n>p1 move glare\n>p2 switch 6\n>p1 move earthquake\n>p2 move partingshot\n>p2 switch 6\n>p1 move headbutt\n>p2 move wish\n>p1 move headbutt\n>p2 move wish\n>p1 move earthquake\n>p2 move thunderwave\n>p1 move headbutt\n>p2 move wish\n>p1 move glare\n>p2 move thunderwave\n>p1 move glare\n>p2 move wish\n>p1 move glare\n>p2 switch 6\n>p1 move glare\n>p2 move partingshot\n>p2 switch 6\n>p1 move headbutt\n>p2 move wish\n>p1 move earthquake\n>p2 switch 2\n>p2 switch 6\n>p1 move earthquake\n>p2 move aurawheel\n>p1 move earthquake\n>p2 move aurawheel\n>p1 move headbutt\n>p2 move aurawheel\n>p1 switch 6\n>p1 move calmmind\n>p2 move partingshot\n>p2 switch 2\n>p1 switch 5\n>p2 move playrough\n>p1 move direclaw\n>p2 move playrough\n>p1 switch 4\n>p1 move trailblaze\n>p2 move thunderwave\n>p1 move facade\n>p2 move playrough\n>p1 move facade\n>p2 move playrough\n>p1 switch 5\n>p1 move psychic\n>p2 switch 2\n>p1 move calmmind\n>p2 move partingshot\n>p2 switch 5\n>p1 move psychic\n>p2 move dragondance\n>p1 move psychic\n>p2 move dragonascent\n>p1 switch 2\n>p1 move aquacutter\n>p2 move dragonascent terastallize\n>p1 switch 3\n>p1 move dualwingbeat\n>p2 move dragonascent", "uploadtime": 1782834274, "views": 3, "formatid": "gen9randombattle", "rating": null, "private": 0, "password": null, "player_dets": [{"name": "alvx", "avatar": "alder", "rating": 2216, "seed": "sodium,e2cd835987ecccfd6458841269830981"}, {"name": "ColdWaterSteam", "avatar": "101", "rating": 2204, "seed": "sodium,fb44e995410c6bb486d416bc2a90df21"}], "teams_full": [{"Reuniclus": {"name": "Reuniclus", "species": "Reuniclus", "speciesId": "reuniclus", "gender": "F", "shiny": false, "level": 88, "moves": ["focusblast", "recover", "psychic", "calmmind"], "ability": "Magic Guard", "evs": {"hp": 85, "atk": 0, "def": 85, "spa": 85, "spd": 85, "spe": 85}, "ivs": {"hp": 31, "atk": 0, "def": 31, "spa": 31, "spd": 31, "spe": 31}, "item": "Life Orb", "teraType": "Fighting", "role": "Bulky Setup", "bvs": {"hp": 110, "atk": 65, "def": 75, "spa": 125, "spd": 85, "spe": 30}, "stats": {"hp": 337, "atk": 119, "def": 182, "spa": 270, "spd": 200, "spe": 103}, "types": ["Psychic"]}, "Veluza": {"name": "Veluza", "species": "Veluza", "speciesId": "veluza", "gender": "M", "shiny": false, "level": 85, "moves": ["nightslash", "aquacutter", "filletaway", "psychocut"], "ability": "Sharpness", "evs": {"hp": 85, "atk": 85, "def": 85, "spa": 85, "spd": 85, "spe": 85}, "ivs": {"hp": 31, "atk": 31, "def": 31, "spa": 31, "spd": 31, "spe": 31}, "item": "Sitrus Berry", "teraType": "Water", "role": "Setup Sweeper", "bvs": {"hp": 90, "atk": 102, "def": 73, "spa": 78, "spd": 65, "spe": 70}, "stats": {"hp": 292, "atk": 222, "def": 173, "spa": 181, "spd": 159, "spe": 168}, "types": ["Water", "Psychic"]}, "Scyther": {"name": "Scyther", "species": "Scyther", "speciesId": "scyther", "gender": "M", "shiny": false, "level": 82, "moves": ["defog", "closecombat", "dualwingbeat", "uturn"], "ability": "Technician", "evs": {"hp": 85, "atk": 85, "def": 85, "spa": 85, "spd": 85, "spe": 85}, "ivs": {"hp": 31, "atk": 31, "def": 31, "spa": 31, "spd": 31, "spe": 31}, "item": "Heavy-Duty Boots", "teraType": "Fighting", "role": "Fast Support", "bvs": {"hp": 70, "atk": 110, "def": 80, "spa": 55, "spd": 80, "spe": 105}, "stats": {"hp": 249, "atk": 228, "def": 178, "spa": 137, "spd": 178, "spe": 219}, "types": ["Bug", "Flying"]}, "Heracross": {"name": "Heracross", "species": "Heracross", "speciesId": "heracross", "gender": "M", "shiny": false, "level": 80, "moves": ["facade", "knockoff", "trailblaze", "closecombat"], "ability": "Guts", "evs": {"hp": 85, "atk": 85, "def": 85, "spa": 85, "spd": 85, "spe": 85}, "ivs": {"hp": 31, "atk": 31, "def": 31, "spa": 31, "spd": 31, "spe": 31}, "item": "Flame Orb", "teraType": "Normal", "role": "Setup Sweeper", "bvs": {"hp": 80, "atk": 125, "def": 75, "spa": 40, "spd": 95, "spe": 85}, "stats": {"hp": 259, "atk": 246, "def": 166, "spa": 110, "spd": 198, "spe": 182}, "types": ["Bug", "Fighting"]}, "Dudunsparce": {"name": "Dudunsparce", "species": "Dudunsparce-Three-Segment", "speciesId": "dudunsparce", "gender": "F", "shiny": false, "level": 83, "moves": ["headbutt", "roost", "earthquake", "glare"], "ability": "Serene Grace", "evs": {"hp": 85, "atk": 85, "def": 85, "spa": 85, "spd": 85, "spe": 85}, "ivs": {"hp": 31, "atk": 31, "def": 31, "spa": 31, "spd": 31, "spe": 31}, "item": "Leftovers", "teraType": "Ghost", "role": "Bulky Support", "bvs": {"hp": 125, "atk": 100, "def": 80, "spa": 85, "spd": 75, "spe": 55}, "stats": {"hp": 343, "atk": 214, "def": 180, "spa": 189, "spd": 172, "spe": 139}, "types": ["Normal"]}, "Sneasler": {"name": "Sneasler", "species": "Sneasler", "speciesId": "sneasler", "gender": "F", "shiny": false, "level": 74, "moves": ["direclaw", "closecombat", "throatchop", "uturn"], "ability": "Poison Touch", "evs": {"hp": 85, "atk": 85, "def": 85, "spa": 85, "spd": 85, "spe": 85}, "ivs": {"hp": 31, "atk": 31, "def": 31, "spa": 31, "spd": 31, "spe": 31}, "item": "Choice Band", "teraType": "Dark", "role": "Fast Attacker", "bvs": {"hp": 80, "atk": 130, "def": 60, "spa": 40, "spd": 80, "spe": 120}, "stats": {"hp": 240, "atk": 235, "def": 132, "spa": 102, "spd": 161, "spe": 221}, "types": ["Fighting", "Poison"]}}, {"Pincurchin": {"name": "Pincurchin", "species": "Pincurchin", "speciesId": "pincurchin", "gender": "M", "shiny": false, "level": 100, "moves": ["scald", "spikes", "recover", "thunderbolt"], "ability": "Electric Surge", "evs": {"hp": 85, "atk": 0, "def": 85, "spa": 85, "spd": 85, "spe": 85}, "ivs": {"hp": 31, "atk": 0, "def": 31, "spa": 31, "spd": 31, "spe": 31}, "item": "Leftovers", "teraType": "Water", "role": "Bulky Attacker", "bvs": {"hp": 48, "atk": 101, "def": 95, "spa": 91, "spd": 85, "spe": 15}, "stats": {"hp": 258, "atk": 207, "def": 247, "spa": 239, "spd": 227, "spe": 87}, "types": ["Electric"]}, "Scream Tail": {"name": "Scream Tail", "species": "Scream Tail", "speciesId": "screamtail", "gender": "N", "shiny": false, "level": 84, "moves": ["protect", "thunderwave", "wish", "playrough"], "ability": "Protosynthesis", "evs": {"hp": 85, "atk": 85, "def": 85, "spa": 85, "spd": 85, "spe": 85}, "ivs": {"hp": 31, "atk": 31, "def": 31, "spa": 31, "spd": 31, "spe": 31}, "item": "Leftovers", "teraType": "Poison", "role": "Bulky Support", "bvs": {"hp": 115, "atk": 65, "def": 99, "spa": 65, "spd": 115, "spe": 111}, "stats": {"hp": 330, "atk": 157, "def": 215, "spa": 157, "spd": 241, "spe": 235}, "types": ["Fairy", "Psychic"]}, "Toxapex": {"name": "Toxapex", "species": "Toxapex", "speciesId": "toxapex", "gender": "F", "shiny": false, "level": 82, "moves": ["recover", "haze", "liquidation", "toxic"], "ability": "Regenerator", "evs": {"hp": 85, "atk": 85, "def": 85, "spa": 85, "spd": 85, "spe": 85}, "ivs": {"hp": 31, "atk": 31, "def": 31, "spa": 31, "spd": 31, "spe": 31}, "item": "Leftovers", "teraType": "Flying", "role": "Bulky Support", "bvs": {"hp": 50, "atk": 63, "def": 152, "spa": 53, "spd": 142, "spe": 35}, "stats": {"hp": 216, "atk": 150, "def": 296, "spa": 134, "spd": 280, "spe": 105}, "types": ["Poison", "Water"]}, "Morpeko": {"name": "Morpeko", "species": "Morpeko", "speciesId": "morpeko", "gender": "F", "shiny": false, "level": 88, "moves": ["partingshot", "protect", "aurawheel", "rapidspin"], "ability": "Hunger Switch", "evs": {"hp": 85, "atk": 85, "def": 85, "spa": 85, "spd": 85, "spe": 85}, "ivs": {"hp": 31, "atk": 31, "def": 31, "spa": 31, "spd": 31, "spe": 31}, "item": "Heavy-Duty Boots", "teraType": "Electric", "role": "Fast Support", "bvs": {"hp": 58, "atk": 95, "def": 58, "spa": 70, "spd": 58, "spe": 97}, "stats": {"hp": 245, "atk": 217, "def": 152, "spa": 173, "spd": 152, "spe": 221}, "types": ["Electric", "Dark"]}, "Rayquaza": {"name": "Rayquaza", "species": "Rayquaza", "speciesId": "rayquaza", "gender": "N", "shiny": false, "level": 72, "moves": ["earthquake", "outrage", "dragonascent", "dragondance"], "ability": "Air Lock", "evs": {"hp": 85, "atk": 85, "def": 85, "spa": 85, "spd": 85, "spe": 85}, "ivs": {"hp": 31, "atk": 31, "def": 31, "spa": 31, "spd": 31, "spe": 31}, "item": "Heavy-Duty Boots", "teraType": "Flying", "role": "Setup Sweeper", "bvs": {"hp": 105, "atk": 150, "def": 90, "spa": 150, "spd": 90, "spe": 95}, "stats": {"hp": 270, "atk": 258, "def": 172, "spa": 258, "spd": 172, "spe": 179}, "types": ["Dragon", "Flying"]}, "Swampert": {"name": "Swampert", "species": "Swampert", "speciesId": "swampert", "gender": "M", "shiny": false, "level": 83, "moves": ["roar", "earthquake", "stealthrock", "knockoff"], "ability": "Damp", "evs": {"hp": 85, "atk": 85, "def": 85, "spa": 85, "spd": 85, "spe": 85}, "ivs": {"hp": 31, "atk": 31, "def": 31, "spa": 31, "spd": 31, "spe": 31}, "item": "Leftovers", "teraType": "Poison", "role": "Bulky Support", "bvs": {"hp": 100, "atk": 110, "def": 90, "spa": 85, "spd": 90, "spe": 60}, "stats": {"hp": 302, "atk": 230, "def": 197, "spa": 189, "spd": 197, "spe": 147}, "types": ["Water", "Ground"]}}]}