{"id": "gen9randombattle-2641621851", "format": "[Gen 9] Random Battle", "players": ["wtfjieger", "Basic-Burger"], "log": "|j|\u2606wtfjieger\n|j|\u2606Basic-Burger\n|t:|1782820364\n|gametype|singles\n|player|p1|wtfjieger|rosa|1560\n|player|p2|Basic-Burger|artist|1627\n|gen|9\n|tier|[Gen 9] Random Battle\n|rated|\n|rule|Species Clause: Limit one of each Pok\u00e9mon\n|rule|HP Percentage Mod: HP is shown in percentages\n|rule|Sleep Clause Mod: Limit one foe put to sleep\n|rule|Illusion Level Mod: Illusion disguises the Pok\u00e9mon's true level\n|\n|t:|1782820364\n|teamsize|p1|6\n|teamsize|p2|6\n|start\n|switch|p1a: Kommo-o|Kommo-o, L78, F|245/245\n|switch|p2a: Suicune|Suicune, L82|298/298\n|-ability|p2a: Suicune|Pressure\n|turn|1\n|inactive|Battle timer is ON: inactive players will automatically lose when time's up. (requested by Basic-Burger)\n|inactive|wtfjieger also wants the timer to be on.\n|\n|t:|1782820382\n|move|p2a: Suicune|Scald|p1a: Kommo-o\n|-resisted|p1a: Kommo-o\n|-damage|p1a: Kommo-o|208/245\n|move|p1a: Kommo-o|Clangorous Soul|p1a: Kommo-o\n|-boost|p1a: Kommo-o|atk|1\n|-boost|p1a: Kommo-o|def|1\n|-boost|p1a: Kommo-o|spa|1\n|-boost|p1a: Kommo-o|spd|1\n|-boost|p1a: Kommo-o|spe|1\n|-damage|p1a: Kommo-o|128/245\n|-enditem|p1a: Kommo-o|Throat Spray\n|-boost|p1a: Kommo-o|spa|1|[from] item: Throat Spray\n|\n|upkeep\n|turn|2\n|\n|t:|1782820398\n|move|p1a: Kommo-o|Drain Punch|p2a: Suicune\n|-damage|p2a: Suicune|207/298\n|-heal|p1a: Kommo-o|174/245|[from] drain|[of] p2a: Suicune\n|move|p2a: Suicune|Scald|p1a: Kommo-o\n|-resisted|p1a: Kommo-o\n|-damage|p1a: Kommo-o|151/245\n|\n|-heal|p2a: Suicune|225/298|[from] item: Leftovers\n|upkeep\n|turn|3\n|\n|t:|1782820408\n|move|p1a: Kommo-o|Drain Punch|p2a: Suicune\n|-damage|p2a: Suicune|123/298\n|-heal|p1a: Kommo-o|202/245|[from] drain|[of] p2a: Suicune\n|move|p2a: Suicune|Scald|p1a: Kommo-o\n|-resisted|p1a: Kommo-o\n|-damage|p1a: Kommo-o|180/245\n|\n|-heal|p2a: Suicune|141/298|[from] item: Leftovers\n|upkeep\n|turn|4\n|\n|t:|1782820420\n|move|p2a: Suicune|Protect|p2a: Suicune\n|-singleturn|p2a: Suicune|Protect\n|move|p1a: Kommo-o|Drain Punch|p2a: Suicune\n|-activate|p2a: Suicune|move: Protect\n|\n|-heal|p2a: Suicune|159/298|[from] item: Leftovers\n|upkeep\n|turn|5\n|\n|t:|1782820436\n|switch|p2a: Amoonguss|Amoonguss, L82, M|321/321\n|move|p1a: Kommo-o|Drain Punch|p2a: Amoonguss\n|-resisted|p2a: Amoonguss\n|-damage|p2a: Amoonguss|257/321\n|-heal|p1a: Kommo-o|212/245|[from] drain|[of] p2a: Amoonguss\n|\n|-heal|p2a: Amoonguss|277/321|[from] item: Leftovers\n|upkeep\n|turn|6\n|\n|t:|1782820454\n|move|p1a: Kommo-o|Clanging Scales|p2a: Amoonguss\n|-damage|p2a: Amoonguss|33/321\n|-unboost|p1a: Kommo-o|def|1\n|move|p2a: Amoonguss|Spore|p1a: Kommo-o\n|-status|p1a: Kommo-o|slp|[from] move: Spore\n|\n|-heal|p2a: Amoonguss|53/321|[from] item: Leftovers\n|upkeep\n|turn|7\n|inactive|Basic-Burger has 120 seconds left.\n|\n|t:|1782820486\n|switch|p2a: Squawkabilly|Squawkabilly-Blue, L85, M|278/278\n|cant|p1a: Kommo-o|slp\n|\n|-status|p2a: Squawkabilly|brn|[from] item: Flame Orb\n|upkeep\n|turn|8\n|\n|t:|1782820499\n|-terastallize|p1a: Kommo-o|Steel\n|-curestatus|p1a: Kommo-o|slp|[msg]\n|move|p1a: Kommo-o|Iron Head|p2a: Squawkabilly\n|-damage|p2a: Squawkabilly|104/278 brn\n|cant|p2a: Squawkabilly|flinch\n|\n|-damage|p2a: Squawkabilly|87/278 brn|[from] brn\n|upkeep\n|turn|9\n|\n|t:|1782820510\n|switch|p2a: Rotom|Rotom-Heat, L83|219/219\n|move|p1a: Kommo-o|Iron Head|p2a: Rotom\n|-resisted|p2a: Rotom\n|-damage|p2a: Rotom|191/219\n|\n|upkeep\n|turn|10\n|\n|t:|1782820533\n|move|p1a: Kommo-o|Clangorous Soul|p1a: Kommo-o\n|-boost|p1a: Kommo-o|atk|1\n|-boost|p1a: Kommo-o|def|1\n|-boost|p1a: Kommo-o|spa|1\n|-boost|p1a: Kommo-o|spd|1\n|-boost|p1a: Kommo-o|spe|1\n|-damage|p1a: Kommo-o|132/245\n|move|p2a: Rotom|Will-O-Wisp|p1a: Kommo-o\n|-status|p1a: Kommo-o|brn\n|\n|-damage|p1a: Kommo-o|117/245 brn|[from] brn\n|upkeep\n|turn|11\n|\n|t:|1782820545\n|move|p1a: Kommo-o|Clanging Scales|p2a: Rotom\n|-damage|p2a: Rotom|0 fnt\n|faint|p2a: Rotom\n|-unboost|p1a: Kommo-o|def|1\n|\n|-damage|p1a: Kommo-o|102/245 brn|[from] brn\n|upkeep\n|\n|t:|1782820558\n|switch|p2a: Hitmontop|Hitmontop, L88, M|231/231\n|-ability|p2a: Hitmontop|Intimidate|boost\n|-unboost|p1a: Kommo-o|atk|1\n|turn|12\n|\n|t:|1782820565\n|move|p2a: Hitmontop|Sucker Punch|p1a: Kommo-o\n|-damage|p1a: Kommo-o|56/245 brn\n|move|p1a: Kommo-o|Clanging Scales|p2a: Hitmontop\n|-damage|p2a: Hitmontop|92/231\n|-unboost|p1a: Kommo-o|def|1\n|\n|-damage|p1a: Kommo-o|41/245 brn|[from] brn\n|upkeep\n|turn|13\n|\n|t:|1782820575\n|move|p2a: Hitmontop|Sucker Punch|p1a: Kommo-o\n|-damage|p1a: Kommo-o|0 fnt\n|faint|p1a: Kommo-o\n|\n|upkeep\n|\n|t:|1782820603\n|switch|p1a: Scream Tail|Scream Tail, L84|330/330\n|turn|14\n|\n|t:|1782820613\n|switch|p2a: Amoonguss|Amoonguss, L82, M|160/321\n|move|p1a: Scream Tail|Thunder Wave|p2a: Amoonguss\n|-status|p2a: Amoonguss|par\n|\n|-heal|p2a: Amoonguss|180/321 par|[from] item: Leftovers\n|upkeep\n|turn|15\n|\n|t:|1782820627\n|-end|p1a: Scream Tail|Protosynthesis|[silent]\n|switch|p1a: Snorlax|Snorlax, L82, M|397/397\n|move|p2a: Amoonguss|Toxic|p1a: Snorlax\n|-status|p1a: Snorlax|tox\n|\n|-heal|p2a: Amoonguss|200/321 par|[from] item: Leftovers\n|-damage|p1a: Snorlax|373/397 tox|[from] psn\n|upkeep\n|turn|16\n|inactive|Basic-Burger has 120 seconds left.\n|\n|t:|1782820658\n|switch|p2a: Hitmontop|Hitmontop, L88, M|92/231\n|-ability|p2a: Hitmontop|Intimidate|boost\n|-unboost|p1a: Snorlax|atk|1\n|move|p1a: Snorlax|Body Slam|p2a: Hitmontop\n|-damage|p2a: Hitmontop|37/231\n|-status|p2a: Hitmontop|par\n|\n|-damage|p1a: Snorlax|325/397 tox|[from] psn\n|upkeep\n|turn|17\n|\n|t:|1782820670\n|move|p1a: Snorlax|Body Slam|p2a: Hitmontop\n|-damage|p2a: Hitmontop|0 fnt\n|faint|p2a: Hitmontop\n|\n|-damage|p1a: Snorlax|253/397 tox|[from] psn\n|upkeep\n|\n|t:|1782820676\n|switch|p2a: Squawkabilly|Squawkabilly-Blue, L85, M|87/278 brn\n|turn|18\n|\n|t:|1782820684\n|switch|p1a: Scream Tail|Scream Tail, L84|330/330\n|move|p2a: Squawkabilly|Facade|p1a: Scream Tail\n|-damage|p1a: Scream Tail|132/330\n|\n|-heal|p1a: Scream Tail|152/330|[from] item: Leftovers\n|-damage|p2a: Squawkabilly|70/278 brn|[from] brn\n|upkeep\n|turn|19\n|\n|t:|1782820709\n|switch|p2a: Amoonguss|Amoonguss, L82, M|307/321 par\n|move|p1a: Scream Tail|Protect||[still]\n|-fail|p1a: Scream Tail\n|\n|-heal|p1a: Scream Tail|172/330|[from] item: Leftovers\n|-heal|p2a: Amoonguss|321/321 par|[from] item: Leftovers\n|upkeep\n|turn|20\n|\n|t:|1782820717\n|-end|p1a: Scream Tail|Protosynthesis|[silent]\n|switch|p1a: Snorlax|Snorlax, L82, M|253/397 tox\n|move|p2a: Amoonguss|Sludge Bomb|p1a: Snorlax\n|-damage|p1a: Snorlax|177/397 tox\n|\n|-damage|p1a: Snorlax|153/397 tox|[from] psn\n|upkeep\n|turn|21\n|\n|t:|1782820726\n|move|p1a: Snorlax|Rest|p1a: Snorlax\n|-status|p1a: Snorlax|slp|[from] move: Rest\n|-heal|p1a: Snorlax|397/397 slp|[silent]\n|-enditem|p1a: Snorlax|Chesto Berry|[eat]\n|-curestatus|p1a: Snorlax|slp|[msg]\n|move|p2a: Amoonguss|Giga Drain|p1a: Snorlax\n|-damage|p1a: Snorlax|336/397\n|\n|upkeep\n|turn|22\n|\n|t:|1782820738\n|move|p1a: Snorlax|Body Slam|p2a: Amoonguss\n|-damage|p2a: Amoonguss|206/321 par\n|move|p2a: Amoonguss|Toxic|p1a: Snorlax\n|-status|p1a: Snorlax|tox\n|\n|-heal|p2a: Amoonguss|226/321 par|[from] item: Leftovers\n|-damage|p1a: Snorlax|312/397 tox|[from] psn\n|upkeep\n|turn|23\n|\n|t:|1782820748\n|move|p1a: Snorlax|Body Slam|p2a: Amoonguss\n|-damage|p2a: Amoonguss|117/321 par\n|move|p2a: Amoonguss|Giga Drain|p1a: Snorlax\n|-crit|p1a: Snorlax\n|-damage|p1a: Snorlax|218/397 tox\n|-heal|p2a: Amoonguss|164/321 par|[from] drain|[of] p1a: Snorlax\n|\n|-heal|p2a: Amoonguss|184/321 par|[from] item: Leftovers\n|-damage|p1a: Snorlax|170/397 tox|[from] psn\n|upkeep\n|turn|24\n|\n|t:|1782820763\n|switch|p2a: Squawkabilly|Squawkabilly-Blue, L85, M|70/278 brn\n|move|p1a: Snorlax|Rest|p1a: Snorlax\n|-status|p1a: Snorlax|slp|[from] move: Rest\n|-heal|p1a: Snorlax|397/397 slp|[silent]\n|\n|-damage|p2a: Squawkabilly|53/278 brn|[from] brn\n|upkeep\n|turn|25\n|\n|t:|1782820772\n|switch|p2a: Suicune|Suicune, L82|159/298\n|-ability|p2a: Suicune|Pressure\n|switch|p1a: Hippowdon|Hippowdon, L82, F|311/311\n|-weather|Sandstorm|[from] ability: Sand Stream|[of] p1a: Hippowdon\n|\n|-weather|Sandstorm|[upkeep]\n|-damage|p2a: Suicune|141/298|[from] Sandstorm\n|-heal|p2a: Suicune|159/298|[from] item: Leftovers\n|upkeep\n|turn|26\n|\n|t:|1782820793\n|switch|p1a: Scream Tail|Scream Tail, L84|172/330\n|move|p2a: Suicune|Scald|p1a: Scream Tail\n|-damage|p1a: Scream Tail|114/330\n|-status|p1a: Scream Tail|brn\n|\n|-weather|Sandstorm|[upkeep]\n|-damage|p1a: Scream Tail|94/330 brn|[from] Sandstorm\n|-damage|p2a: Suicune|141/298|[from] Sandstorm\n|-heal|p1a: Scream Tail|114/330 brn|[from] item: Leftovers\n|-heal|p2a: Suicune|159/298|[from] item: Leftovers\n|-damage|p1a: Scream Tail|94/330 brn|[from] brn\n|upkeep\n|turn|27\n|\n|t:|1782820806\n|move|p2a: Suicune|Protect|p2a: Suicune\n|-singleturn|p2a: Suicune|Protect\n|move|p1a: Scream Tail|Wish|p1a: Scream Tail\n|\n|-weather|Sandstorm|[upkeep]\n|-damage|p1a: Scream Tail|74/330 brn|[from] Sandstorm\n|-damage|p2a: Suicune|141/298|[from] Sandstorm\n|-heal|p1a: Scream Tail|94/330 brn|[from] item: Leftovers\n|-heal|p2a: Suicune|159/298|[from] item: Leftovers\n|-damage|p1a: Scream Tail|74/330 brn|[from] brn\n|upkeep\n|turn|28\n|\n|t:|1782820819\n|switch|p2a: Amoonguss|Amoonguss, L82, M|291/321 par\n|move|p1a: Scream Tail|Thunder Wave|p2a: Amoonguss\n|-fail|p2a: Amoonguss|par\n|\n|-weather|Sandstorm|[upkeep]\n|-damage|p1a: Scream Tail|54/330 brn|[from] Sandstorm\n|-damage|p2a: Amoonguss|271/321 par|[from] Sandstorm\n|-heal|p1a: Scream Tail|219/330 brn|[from] move: Wish|[wisher] Scream Tail\n|-heal|p1a: Scream Tail|239/330 brn|[from] item: Leftovers\n|-heal|p2a: Amoonguss|291/321 par|[from] item: Leftovers\n|-damage|p1a: Scream Tail|219/330 brn|[from] brn\n|upkeep\n|turn|29\n|\n|t:|1782820836\n|move|p1a: Scream Tail|Protect|p1a: Scream Tail\n|-singleturn|p1a: Scream Tail|Protect\n|cant|p2a: Amoonguss|par\n|\n|-weather|none\n|-heal|p1a: Scream Tail|239/330 brn|[from] item: Leftovers\n|-heal|p2a: Amoonguss|311/321 par|[from] item: Leftovers\n|-damage|p1a: Scream Tail|219/330 brn|[from] brn\n|upkeep\n|turn|30\n|\n|t:|1782820846\n|-end|p1a: Scream Tail|Protosynthesis|[silent]\n|switch|p1a: Snorlax|Snorlax, L82, M|397/397 slp\n|move|p2a: Amoonguss|Giga Drain|p1a: Snorlax\n|-damage|p1a: Snorlax|339/397 slp\n|-heal|p2a: Amoonguss|321/321 par|[from] drain|[of] p1a: Snorlax\n|\n|upkeep\n|turn|31\n|\n|t:|1782820856\n|switch|p2a: Arboliva|Arboliva, L91, F|290/290\n|cant|p1a: Snorlax|slp\n|\n|upkeep\n|turn|32\n|\n|t:|1782820862\n|move|p2a: Arboliva|Hyper Voice|p1a: Snorlax\n|-damage|p1a: Snorlax|224/397 slp\n|cant|p1a: Snorlax|slp\n|\n|upkeep\n|turn|33\n|\n|t:|1782820868\n|move|p2a: Arboliva|Hyper Voice|p1a: Snorlax\n|-damage|p1a: Snorlax|115/397 slp\n|-curestatus|p1a: Snorlax|slp|[msg]\n|move|p1a: Snorlax|Body Slam|p2a: Arboliva\n|-damage|p2a: Arboliva|203/290\n|-fieldstart|move: Grassy Terrain|[from] ability: Seed Sower|[of] p2a: Arboliva\n|\n|-heal|p2a: Arboliva|221/290|[from] Grassy Terrain\n|-heal|p2a: Arboliva|239/290|[from] item: Leftovers\n|-heal|p1a: Snorlax|139/397|[from] Grassy Terrain\n|upkeep\n|turn|34\n|\n|t:|1782820881\n|switch|p2a: Amoonguss|Amoonguss, L82, M|321/321 par\n|move|p1a: Snorlax|Rest|p1a: Snorlax\n|-status|p1a: Snorlax|slp|[from] move: Rest\n|-heal|p1a: Snorlax|397/397 slp|[silent]\n|\n|upkeep\n|turn|35\n|\n|t:|1782820889\n|switch|p2a: Arboliva|Arboliva, L91, F|239/290\n|cant|p1a: Snorlax|slp\n|\n|-heal|p2a: Arboliva|257/290|[from] Grassy Terrain\n|-heal|p2a: Arboliva|275/290|[from] item: Leftovers\n|upkeep\n|turn|36\n|\n|t:|1782820897\n|move|p2a: Arboliva|Hyper Voice|p1a: Snorlax\n|-damage|p1a: Snorlax|274/397 slp\n|cant|p1a: Snorlax|slp\n|\n|-heal|p2a: Arboliva|290/290|[from] Grassy Terrain\n|-heal|p1a: Snorlax|298/397 slp|[from] Grassy Terrain\n|upkeep\n|turn|37\n|\n|t:|1782820905\n|move|p2a: Arboliva|Hyper Voice|p1a: Snorlax\n|-damage|p1a: Snorlax|186/397 slp\n|-curestatus|p1a: Snorlax|slp|[msg]\n|move|p1a: Snorlax|Body Slam|p2a: Arboliva\n|-damage|p2a: Arboliva|206/290\n|\n|-heal|p2a: Arboliva|224/290|[from] Grassy Terrain\n|-heal|p2a: Arboliva|242/290|[from] item: Leftovers\n|-heal|p1a: Snorlax|210/397|[from] Grassy Terrain\n|-fieldend|move: Grassy Terrain\n|upkeep\n|turn|38\n|\n|t:|1782820917\n|switch|p2a: Amoonguss|Amoonguss, L82, M|321/321 par\n|move|p1a: Snorlax|Body Slam|p2a: Amoonguss\n|-damage|p2a: Amoonguss|212/321 par\n|\n|-heal|p2a: Amoonguss|232/321 par|[from] item: Leftovers\n|upkeep\n|turn|39\n|\n|t:|1782820925\n|move|p1a: Snorlax|Body Slam|p2a: Amoonguss\n|-damage|p2a: Amoonguss|114/321 par\n|move|p2a: Amoonguss|Toxic|p1a: Snorlax\n|-status|p1a: Snorlax|tox\n|\n|-heal|p2a: Amoonguss|134/321 par|[from] item: Leftovers\n|-damage|p1a: Snorlax|186/397 tox|[from] psn\n|upkeep\n|turn|40\n|\n|t:|1782820934\n|switch|p2a: Arboliva|Arboliva, L91, F|242/290\n|move|p1a: Snorlax|Body Slam|p2a: Arboliva\n|-damage|p2a: Arboliva|158/290\n|-fieldstart|move: Grassy Terrain|[from] ability: Seed Sower|[of] p2a: Arboliva\n|\n|-heal|p2a: Arboliva|176/290|[from] Grassy Terrain\n|-heal|p2a: Arboliva|194/290|[from] item: Leftovers\n|-heal|p1a: Snorlax|210/397 tox|[from] Grassy Terrain\n|-damage|p1a: Snorlax|162/397 tox|[from] psn\n|upkeep\n|turn|41\n|\n|t:|1782820948\n|move|p2a: Arboliva|Energy Ball|p1a: Snorlax\n|-damage|p1a: Snorlax|18/397 tox\n|move|p1a: Snorlax|Rest|p1a: Snorlax\n|-status|p1a: Snorlax|slp|[from] move: Rest\n|-heal|p1a: Snorlax|397/397 slp|[silent]\n|\n|-heal|p2a: Arboliva|212/290|[from] Grassy Terrain\n|-heal|p2a: Arboliva|230/290|[from] item: Leftovers\n|upkeep\n|turn|42\n|\n|t:|1782820975\n|switch|p2a: Suicune|Suicune, L82|159/298\n|-ability|p2a: Suicune|Pressure\n|cant|p1a: Snorlax|slp\n|\n|-heal|p2a: Suicune|177/298|[from] Grassy Terrain\n|-heal|p2a: Suicune|195/298|[from] item: Leftovers\n|upkeep\n|turn|43\n|\n|t:|1782820987\n|switch|p1a: Scream Tail|Scream Tail, L84|219/330 brn\n|move|p2a: Suicune|Calm Mind|p2a: Suicune\n|-boost|p2a: Suicune|spa|1\n|-boost|p2a: Suicune|spd|1\n|\n|-heal|p1a: Scream Tail|239/330 brn|[from] Grassy Terrain\n|-heal|p1a: Scream Tail|259/330 brn|[from] item: Leftovers\n|-heal|p2a: Suicune|213/298|[from] Grassy Terrain\n|-heal|p2a: Suicune|231/298|[from] item: Leftovers\n|-damage|p1a: Scream Tail|239/330 brn|[from] brn\n|upkeep\n|turn|44\n|inactive|wtfjieger has 120 seconds left.\n|\n|t:|1782821003\n|move|p2a: Suicune|Protect|p2a: Suicune\n|-singleturn|p2a: Suicune|Protect\n|move|p1a: Scream Tail|Thunder Wave|p2a: Suicune\n|-activate|p2a: Suicune|move: Protect\n|\n|-heal|p1a: Scream Tail|259/330 brn|[from] Grassy Terrain\n|-heal|p1a: Scream Tail|279/330 brn|[from] item: Leftovers\n|-heal|p2a: Suicune|249/298|[from] Grassy Terrain\n|-heal|p2a: Suicune|267/298|[from] item: Leftovers\n|-damage|p1a: Scream Tail|259/330 brn|[from] brn\n|-fieldend|move: Grassy Terrain\n|upkeep\n|turn|45\n|inactive|wtfjieger has 120 seconds left.\n|\n|t:|1782821017\n|switch|p2a: Amoonguss|Amoonguss, L82, M|241/321 par\n|move|p1a: Scream Tail|Thunder Wave|p2a: Amoonguss\n|-fail|p2a: Amoonguss|par\n|\n|-heal|p1a: Scream Tail|279/330 brn|[from] item: Leftovers\n|-heal|p2a: Amoonguss|261/321 par|[from] item: Leftovers\n|-damage|p1a: Scream Tail|259/330 brn|[from] brn\n|upkeep\n|turn|46\n|\n|t:|1782821027\n|-end|p1a: Scream Tail|Protosynthesis|[silent]\n|switch|p1a: Snorlax|Snorlax, L82, M|397/397 slp\n|move|p2a: Amoonguss|Sludge Bomb|p1a: Snorlax\n|-damage|p1a: Snorlax|328/397 slp\n|\n|-heal|p2a: Amoonguss|281/321 par|[from] item: Leftovers\n|upkeep\n|turn|47\n|\n|t:|1782821037\n|switch|p2a: Arboliva|Arboliva, L91, F|230/290\n|cant|p1a: Snorlax|slp\n|\n|-heal|p2a: Arboliva|248/290|[from] item: Leftovers\n|upkeep\n|turn|48\n|\n|t:|1782821044\n|move|p2a: Arboliva|Hyper Voice|p1a: Snorlax\n|-damage|p1a: Snorlax|208/397 slp\n|-curestatus|p1a: Snorlax|slp|[msg]\n|move|p1a: Snorlax|Body Slam|p2a: Arboliva\n|-damage|p2a: Arboliva|169/290\n|-fieldstart|move: Grassy Terrain|[from] ability: Seed Sower|[of] p2a: Arboliva\n|\n|-heal|p2a: Arboliva|187/290|[from] Grassy Terrain\n|-heal|p2a: Arboliva|205/290|[from] item: Leftovers\n|-heal|p1a: Snorlax|232/397|[from] Grassy Terrain\n|upkeep\n|turn|49\n|\n|t:|1782821065\n|move|p2a: Arboliva|Energy Ball|p1a: Snorlax\n|-damage|p1a: Snorlax|90/397\n|move|p1a: Snorlax|Body Slam|p2a: Arboliva\n|-damage|p2a: Arboliva|118/290\n|\n|-heal|p2a: Arboliva|136/290|[from] Grassy Terrain\n|-heal|p2a: Arboliva|154/290|[from] item: Leftovers\n|-heal|p1a: Snorlax|114/397|[from] Grassy Terrain\n|upkeep\n|turn|50\n|\n|t:|1782821076\n|switch|p1a: Scream Tail|Scream Tail, L84|259/330 brn\n|move|p2a: Arboliva|Strength Sap|p1a: Scream Tail\n|-unboost|p1a: Scream Tail|atk|1\n|-heal|p2a: Arboliva|290/290\n|\n|-heal|p1a: Scream Tail|279/330 brn|[from] Grassy Terrain\n|-heal|p1a: Scream Tail|299/330 brn|[from] item: Leftovers\n|-damage|p1a: Scream Tail|279/330 brn|[from] brn\n|upkeep\n|turn|51\n|\n|t:|1782821090\n|switch|p2a: Amoonguss|Amoonguss, L82, M|321/321 par\n|move|p1a: Scream Tail|Wish|p1a: Scream Tail\n|\n|-heal|p1a: Scream Tail|299/330 brn|[from] Grassy Terrain\n|-heal|p1a: Scream Tail|319/330 brn|[from] item: Leftovers\n|-damage|p1a: Scream Tail|299/330 brn|[from] brn\n|upkeep\n|turn|52\n|\n|t:|1782821099\n|-end|p1a: Scream Tail|Protosynthesis|[silent]\n|switch|p1a: Snorlax|Snorlax, L82, M|114/397\n|move|p2a: Amoonguss|Sludge Bomb|p1a: Snorlax\n|-damage|p1a: Snorlax|41/397\n|\n|-heal|p1a: Snorlax|206/397|[from] move: Wish|[wisher] Scream Tail\n|-heal|p1a: Snorlax|230/397|[from] Grassy Terrain\n|-fieldend|move: Grassy Terrain\n|upkeep\n|turn|53\n|inactive|wtfjieger has 120 seconds left.\n|\n|t:|1782821127\n|move|p1a: Snorlax|Body Slam|p2a: Amoonguss\n|-damage|p2a: Amoonguss|212/321 par\n|move|p2a: Amoonguss|Toxic|p1a: Snorlax\n|-status|p1a: Snorlax|tox\n|\n|-heal|p2a: Amoonguss|232/321 par|[from] item: Leftovers\n|-damage|p1a: Snorlax|206/397 tox|[from] psn\n|upkeep\n|turn|54\n|inactive|wtfjieger has 120 seconds left.\n|\n|t:|1782821136\n|move|p1a: Snorlax|Body Slam|p2a: Amoonguss\n|-damage|p2a: Amoonguss|112/321 par\n|move|p2a: Amoonguss|Giga Drain|p1a: Snorlax\n|-damage|p1a: Snorlax|151/397 tox\n|-heal|p2a: Amoonguss|140/321 par|[from] drain|[of] p1a: Snorlax\n|\n|-heal|p2a: Amoonguss|160/321 par|[from] item: Leftovers\n|-damage|p1a: Snorlax|103/397 tox|[from] psn\n|upkeep\n|turn|55\n|inactive|wtfjieger has 120 seconds left.\n|\n|t:|1782821147\n|switch|p2a: Arboliva|Arboliva, L91, F|290/290\n|move|p1a: Snorlax|Rest|p1a: Snorlax\n|-status|p1a: Snorlax|slp|[from] move: Rest\n|-heal|p1a: Snorlax|397/397 slp|[silent]\n|\n|upkeep\n|turn|56\n|\n|t:|1782821155\n|switch|p2a: Suicune|Suicune, L82|267/298\n|-ability|p2a: Suicune|Pressure\n|switch|p1a: Scream Tail|Scream Tail, L84|299/330 brn\n|\n|-heal|p1a: Scream Tail|319/330 brn|[from] item: Leftovers\n|-heal|p2a: Suicune|285/298|[from] item: Leftovers\n|-damage|p1a: Scream Tail|299/330 brn|[from] brn\n|upkeep\n|turn|57\n|\n|t:|1782821167\n|switch|p2a: Amoonguss|Amoonguss, L82, M|267/321 par\n|move|p1a: Scream Tail|Play Rough|p2a: Amoonguss\n|-resisted|p2a: Amoonguss\n|-damage|p2a: Amoonguss|244/321 par\n|\n|-heal|p1a: Scream Tail|319/330 brn|[from] item: Leftovers\n|-heal|p2a: Amoonguss|264/321 par|[from] item: Leftovers\n|-damage|p1a: Scream Tail|299/330 brn|[from] brn\n|upkeep\n|turn|58\n|inactive|wtfjieger has 120 seconds left.\n|\n|t:|1782821188\n|-end|p1a: Scream Tail|Protosynthesis|[silent]\n|switch|p1a: Snorlax|Snorlax, L82, M|397/397 slp\n|move|p2a: Amoonguss|Sludge Bomb|p1a: Snorlax\n|-damage|p1a: Snorlax|325/397 slp\n|\n|-heal|p2a: Amoonguss|284/321 par|[from] item: Leftovers\n|upkeep\n|turn|59\n|inactive|wtfjieger has 120 seconds left.\n|\n|t:|1782821196\n|switch|p2a: Arboliva|Arboliva, L91, F|290/290\n|cant|p1a: Snorlax|slp\n|\n|upkeep\n|turn|60\n|\n|t:|1782821203\n|switch|p1a: Scream Tail|Scream Tail, L84|299/330 brn\n|move|p2a: Arboliva|Earth Power|p1a: Scream Tail\n|-damage|p1a: Scream Tail|231/330 brn\n|\n|-heal|p1a: Scream Tail|251/330 brn|[from] item: Leftovers\n|-damage|p1a: Scream Tail|231/330 brn|[from] brn\n|upkeep\n|turn|61\n|\n|t:|1782821214\n|switch|p2a: Amoonguss|Amoonguss, L82, M|321/321 par\n|move|p1a: Scream Tail|Wish|p1a: Scream Tail\n|\n|-heal|p1a: Scream Tail|251/330 brn|[from] item: Leftovers\n|-damage|p1a: Scream Tail|231/330 brn|[from] brn\n|upkeep\n|turn|62\n|\n|t:|1782821225\n|move|p1a: Scream Tail|Protect|p1a: Scream Tail\n|-singleturn|p1a: Scream Tail|Protect\n|move|p2a: Amoonguss|Giga Drain|p1a: Scream Tail\n|-activate|p1a: Scream Tail|move: Protect\n|\n|-heal|p1a: Scream Tail|330/330 brn|[from] move: Wish|[wisher] Scream Tail\n|-damage|p1a: Scream Tail|310/330 brn|[from] brn\n|upkeep\n|turn|63\n|\n|t:|1782821236\n|-end|p1a: Scream Tail|Protosynthesis|[silent]\n|switch|p1a: Snorlax|Snorlax, L82, M|325/397 slp\n|move|p2a: Amoonguss|Sludge Bomb|p1a: Snorlax\n|-damage|p1a: Snorlax|255/397 slp\n|\n|upkeep\n|turn|64\n|\n|t:|1782821243\n|switch|p2a: Arboliva|Arboliva, L91, F|290/290\n|cant|p1a: Snorlax|slp\n|\n|upkeep\n|turn|65\n|\n|t:|1782821250\n|switch|p1a: Scream Tail|Scream Tail, L84|310/330 brn\n|move|p2a: Arboliva|Earth Power|p1a: Scream Tail\n|-damage|p1a: Scream Tail|233/330 brn\n|\n|-heal|p1a: Scream Tail|253/330 brn|[from] item: Leftovers\n|-damage|p1a: Scream Tail|233/330 brn|[from] brn\n|upkeep\n|turn|66\n|\n|t:|1782821260\n|switch|p2a: Amoonguss|Amoonguss, L82, M|321/321 par\n|move|p1a: Scream Tail|Wish|p1a: Scream Tail\n|\n|-heal|p1a: Scream Tail|253/330 brn|[from] item: Leftovers\n|-damage|p1a: Scream Tail|233/330 brn|[from] brn\n|upkeep\n|turn|67\n|\n|t:|1782821268\n|-end|p1a: Scream Tail|Protosynthesis|[silent]\n|switch|p1a: Snorlax|Snorlax, L82, M|255/397 slp\n|switch|p2a: Squawkabilly|Squawkabilly-Blue, L85, M|53/278 brn\n|\n|-heal|p1a: Snorlax|397/397 slp|[from] move: Wish|[wisher] Scream Tail\n|-damage|p2a: Squawkabilly|36/278 brn|[from] brn\n|upkeep\n|turn|68\n|\n|t:|1782821278\n|switch|p1a: Scream Tail|Scream Tail, L84|233/330 brn\n|move|p2a: Squawkabilly|Facade|p1a: Scream Tail\n|-damage|p1a: Scream Tail|17/330 brn\n|\n|-heal|p1a: Scream Tail|37/330 brn|[from] item: Leftovers\n|-damage|p1a: Scream Tail|17/330 brn|[from] brn\n|-damage|p2a: Squawkabilly|19/278 brn|[from] brn\n|upkeep\n|turn|69\n|\n|t:|1782821289\n|move|p1a: Scream Tail|Protect|p1a: Scream Tail\n|-singleturn|p1a: Scream Tail|Protect\n|move|p2a: Squawkabilly|Quick Attack|p1a: Scream Tail\n|-activate|p1a: Scream Tail|move: Protect\n|\n|-heal|p1a: Scream Tail|37/330 brn|[from] item: Leftovers\n|-damage|p1a: Scream Tail|17/330 brn|[from] brn\n|-damage|p2a: Squawkabilly|2/278 brn|[from] brn\n|upkeep\n|turn|70\n|\n|t:|1782821307\n|move|p1a: Scream Tail|Protect||[still]\n|-fail|p1a: Scream Tail\n|move|p2a: Squawkabilly|Facade|p1a: Scream Tail\n|-damage|p1a: Scream Tail|0 fnt\n|faint|p1a: Scream Tail\n|-end|p1a: Scream Tail|Protosynthesis|[silent]\n|\n|-damage|p2a: Squawkabilly|0 fnt|[from] brn\n|faint|p2a: Squawkabilly\n|upkeep\n|inactive|wtfjieger has 120 seconds left.\n|\n|t:|1782821342\n|switch|p1a: Hippowdon|Hippowdon, L82, F|311/311\n|switch|p2a: Suicune|Suicune, L82|285/298\n|-ability|p2a: Suicune|Pressure\n|-weather|Sandstorm|[from] ability: Sand Stream|[of] p1a: Hippowdon\n|turn|71\n|\n|t:|1782821353\n|move|p2a: Suicune|Calm Mind|p2a: Suicune\n|-boost|p2a: Suicune|spa|1\n|-boost|p2a: Suicune|spd|1\n|move|p1a: Hippowdon|Earthquake|p2a: Suicune\n|-damage|p2a: Suicune|194/298\n|\n|-weather|Sandstorm|[upkeep]\n|-damage|p2a: Suicune|176/298|[from] Sandstorm\n|-heal|p2a: Suicune|194/298|[from] item: Leftovers\n|upkeep\n|turn|72\n|\n|t:|1782821364\n|move|p2a: Suicune|Scald|p1a: Hippowdon\n|-supereffective|p1a: Hippowdon\n|-damage|p1a: Hippowdon|39/311\n|move|p1a: Hippowdon|Earthquake|p2a: Suicune\n|-damage|p2a: Suicune|106/298\n|\n|-weather|Sandstorm|[upkeep]\n|-damage|p2a: Suicune|88/298|[from] Sandstorm\n|-heal|p2a: Suicune|106/298|[from] item: Leftovers\n|-heal|p1a: Hippowdon|58/311|[from] item: Leftovers\n|upkeep\n|turn|73\n|\n|t:|1782821376\n|move|p2a: Suicune|Scald|p1a: Hippowdon\n|-supereffective|p1a: Hippowdon\n|-damage|p1a: Hippowdon|0 fnt\n|faint|p1a: Hippowdon\n|\n|-weather|Sandstorm|[upkeep]\n|-damage|p2a: Suicune|88/298|[from] Sandstorm\n|-heal|p2a: Suicune|106/298|[from] item: Leftovers\n|upkeep\n|inactive|wtfjieger has 90 seconds left.\n|\n|t:|1782821407\n|switch|p1a: Blastoise|Blastoise, L80, M|258/258\n|turn|74\n|\n|t:|1782821427\n|move|p2a: Suicune|Calm Mind|p2a: Suicune\n|-boost|p2a: Suicune|spa|1\n|-boost|p2a: Suicune|spd|1\n|move|p1a: Blastoise|Shell Smash|p1a: Blastoise\n|-unboost|p1a: Blastoise|def|1\n|-unboost|p1a: Blastoise|spd|1\n|-boost|p1a: Blastoise|atk|2\n|-boost|p1a: Blastoise|spa|2\n|-boost|p1a: Blastoise|spe|2\n|-enditem|p1a: Blastoise|White Herb\n|-clearnegativeboost|p1a: Blastoise|[silent]\n|\n|-weather|Sandstorm|[upkeep]\n|-damage|p1a: Blastoise|242/258|[from] Sandstorm\n|-damage|p2a: Suicune|88/298|[from] Sandstorm\n|-heal|p2a: Suicune|106/298|[from] item: Leftovers\n|upkeep\n|turn|75\n|inactive|wtfjieger has 90 seconds left.\n|\n|t:|1782821445\n|move|p2a: Suicune|Protect|p2a: Suicune\n|-singleturn|p2a: Suicune|Protect\n|move|p1a: Blastoise|Earthquake|p2a: Suicune\n|-activate|p2a: Suicune|move: Protect\n|\n|-weather|none\n|-heal|p2a: Suicune|124/298|[from] item: Leftovers\n|upkeep\n|turn|76\n|\n|t:|1782821453\n|move|p1a: Blastoise|Earthquake|p2a: Suicune\n|-damage|p2a: Suicune|19/298\n|move|p2a: Suicune|Scald|p1a: Blastoise\n|-resisted|p1a: Blastoise\n|-damage|p1a: Blastoise|176/258\n|\n|-heal|p2a: Suicune|37/298|[from] item: Leftovers\n|upkeep\n|turn|77\n|inactive|wtfjieger has 90 seconds left.\n|\n|t:|1782821462\n|move|p1a: Blastoise|Earthquake|p2a: Suicune\n|-damage|p2a: Suicune|0 fnt\n|faint|p2a: Suicune\n|\n|upkeep\n|\n|t:|1782821468\n|switch|p2a: Amoonguss|Amoonguss, L82, M|321/321 par\n|turn|78\n|\n|t:|1782821474\n|-terastallize|p2a: Amoonguss|Water\n|move|p1a: Blastoise|Ice Beam|p2a: Amoonguss\n|-resisted|p2a: Amoonguss\n|-damage|p2a: Amoonguss|264/321 par\n|move|p2a: Amoonguss|Giga Drain|p1a: Blastoise\n|-supereffective|p1a: Blastoise\n|-damage|p1a: Blastoise|42/258\n|-heal|p2a: Amoonguss|321/321 par|[from] drain|[of] p1a: Blastoise\n|\n|upkeep\n|turn|79\n|\n|t:|1782821486\n|switch|p1a: Snorlax|Snorlax, L82, M|397/397 slp\n|move|p2a: Amoonguss|Giga Drain|p1a: Snorlax\n|-damage|p1a: Snorlax|334/397 slp\n|\n|upkeep\n|turn|80\n|\n|t:|1782821493\n|switch|p2a: Arboliva|Arboliva, L91, F|290/290\n|-curestatus|p1a: Snorlax|slp|[msg]\n|move|p1a: Snorlax|Body Slam|p2a: Arboliva\n|-damage|p2a: Arboliva|197/290\n|-status|p2a: Arboliva|par\n|-fieldstart|move: Grassy Terrain|[from] ability: Seed Sower|[of] p2a: Arboliva\n|\n|-heal|p1a: Snorlax|358/397|[from] Grassy Terrain\n|-heal|p2a: Arboliva|215/290 par|[from] Grassy Terrain\n|-heal|p2a: Arboliva|233/290 par|[from] item: Leftovers\n|upkeep\n|turn|81\n|\n|t:|1782821506\n|move|p1a: Snorlax|Curse|p1a: Snorlax\n|-unboost|p1a: Snorlax|spe|1\n|-boost|p1a: Snorlax|atk|1\n|-boost|p1a: Snorlax|def|1\n|move|p2a: Arboliva|Energy Ball|p1a: Snorlax\n|-damage|p1a: Snorlax|216/397\n|\n|-heal|p1a: Snorlax|240/397|[from] Grassy Terrain\n|-heal|p2a: Arboliva|251/290 par|[from] Grassy Terrain\n|-heal|p2a: Arboliva|269/290 par|[from] item: Leftovers\n|upkeep\n|turn|82\n|\n|t:|1782821518\n|switch|p2a: Amoonguss|Amoonguss, L82, M, tera:Water|321/321 par\n|move|p1a: Snorlax|Body Slam|p2a: Amoonguss\n|-damage|p2a: Amoonguss|162/321 par\n|\n|-heal|p1a: Snorlax|264/397|[from] Grassy Terrain\n|-heal|p2a: Amoonguss|182/321 par|[from] Grassy Terrain\n|-heal|p2a: Amoonguss|202/321 par|[from] item: Leftovers\n|upkeep\n|turn|83\n|\n|t:|1782821535\n|move|p1a: Snorlax|Body Slam|p2a: Amoonguss\n|-damage|p2a: Amoonguss|24/321 par\n|move|p2a: Amoonguss|Spore|p1a: Snorlax\n|-status|p1a: Snorlax|slp|[from] move: Spore\n|\n|-heal|p1a: Snorlax|288/397 slp|[from] Grassy Terrain\n|-heal|p2a: Amoonguss|44/321 par|[from] Grassy Terrain\n|-heal|p2a: Amoonguss|64/321 par|[from] item: Leftovers\n|upkeep\n|turn|84\n|\n|t:|1782821549\n|switch|p1a: Inteleon|Inteleon, L81, M|246/246\n|switch|p2a: Arboliva|Arboliva, L91, F|269/290 par\n|\n|-heal|p2a: Arboliva|287/290 par|[from] Grassy Terrain\n|-heal|p2a: Arboliva|290/290 par|[from] item: Leftovers\n|-fieldend|move: Grassy Terrain\n|upkeep\n|turn|85\n|\n|t:|1782821559\n|move|p1a: Inteleon|Ice Beam|p2a: Arboliva\n|-supereffective|p2a: Arboliva\n|-damage|p2a: Arboliva|126/290 par\n|-fieldstart|move: Grassy Terrain|[from] ability: Seed Sower|[of] p2a: Arboliva\n|move|p2a: Arboliva|Energy Ball|p1a: Inteleon\n|-supereffective|p1a: Inteleon\n|-damage|p1a: Inteleon|0 fnt\n|faint|p1a: Inteleon\n|\n|-heal|p2a: Arboliva|144/290 par|[from] Grassy Terrain\n|-heal|p2a: Arboliva|162/290 par|[from] item: Leftovers\n|upkeep\n|inactive|wtfjieger has 90 seconds left.\n|\n|t:|1782821582\n|switch|p1a: Blastoise|Blastoise, L80, M|42/258\n|turn|86\n|\n|t:|1782821588\n|switch|p2a: Amoonguss|Amoonguss, L82, M, tera:Water|171/321 par\n|move|p1a: Blastoise|Ice Beam|p2a: Amoonguss\n|-resisted|p2a: Amoonguss\n|-damage|p2a: Amoonguss|143/321 par\n|\n|-heal|p1a: Blastoise|58/258|[from] Grassy Terrain\n|-heal|p2a: Amoonguss|163/321 par|[from] Grassy Terrain\n|-heal|p2a: Amoonguss|183/321 par|[from] item: Leftovers\n|upkeep\n|turn|87\n|\n|t:|1782821599\n|switch|p1a: Snorlax|Snorlax, L82, M|288/397 slp\n|move|p2a: Amoonguss|Giga Drain|p1a: Snorlax\n|-damage|p1a: Snorlax|206/397 slp\n|-heal|p2a: Amoonguss|224/321 par|[from] drain|[of] p1a: Snorlax\n|\n|-heal|p1a: Snorlax|230/397 slp|[from] Grassy Terrain\n|-heal|p2a: Amoonguss|244/321 par|[from] Grassy Terrain\n|-heal|p2a: Amoonguss|264/321 par|[from] item: Leftovers\n|upkeep\n|turn|88\n|\n|t:|1782821609\n|cant|p1a: Snorlax|slp\n|cant|p2a: Amoonguss|par\n|\n|-heal|p1a: Snorlax|254/397 slp|[from] Grassy Terrain\n|-heal|p2a: Amoonguss|284/321 par|[from] Grassy Terrain\n|-heal|p2a: Amoonguss|304/321 par|[from] item: Leftovers\n|upkeep\n|turn|89\n|\n|t:|1782821617\n|-curestatus|p1a: Snorlax|slp|[msg]\n|move|p1a: Snorlax|Curse|p1a: Snorlax\n|-unboost|p1a: Snorlax|spe|1\n|-boost|p1a: Snorlax|atk|1\n|-boost|p1a: Snorlax|def|1\n|cant|p2a: Amoonguss|par\n|\n|-heal|p1a: Snorlax|278/397|[from] Grassy Terrain\n|-heal|p2a: Amoonguss|321/321 par|[from] Grassy Terrain\n|-fieldend|move: Grassy Terrain\n|upkeep\n|turn|90\n|\n|t:|1782821629\n|move|p1a: Snorlax|Body Slam|p2a: Amoonguss\n|-damage|p2a: Amoonguss|140/321 par\n|move|p2a: Amoonguss|Spore|p1a: Snorlax\n|-status|p1a: Snorlax|slp|[from] move: Spore\n|\n|-heal|p2a: Amoonguss|160/321 par|[from] item: Leftovers\n|upkeep\n|turn|91\n|\n|t:|1782821638\n|switch|p2a: Arboliva|Arboliva, L91, F|162/290 par\n|cant|p1a: Snorlax|slp\n|\n|-heal|p2a: Arboliva|180/290 par|[from] item: Leftovers\n|upkeep\n|turn|92\n|\n|t:|1782821645\n|cant|p1a: Snorlax|slp\n|move|p2a: Arboliva|Strength Sap|p1a: Snorlax\n|-unboost|p1a: Snorlax|atk|1\n|-heal|p2a: Arboliva|290/290 par\n|\n|upkeep\n|turn|93\n|inactive|wtfjieger has 120 seconds left.\n|\n|t:|1782821655\n|-curestatus|p1a: Snorlax|slp|[msg]\n|move|p1a: Snorlax|Body Slam|p2a: Arboliva\n|-damage|p2a: Arboliva|205/290 par\n|-fieldstart|move: Grassy Terrain|[from] ability: Seed Sower|[of] p2a: Arboliva\n|cant|p2a: Arboliva|par\n|\n|-heal|p1a: Snorlax|302/397|[from] Grassy Terrain\n|-heal|p2a: Arboliva|223/290 par|[from] Grassy Terrain\n|-heal|p2a: Arboliva|241/290 par|[from] item: Leftovers\n|upkeep\n|turn|94\n|inactive|wtfjieger has 120 seconds left.\n|\n|t:|1782821668\n|move|p1a: Snorlax|Body Slam|p2a: Arboliva\n|-damage|p2a: Arboliva|148/290 par\n|move|p2a: Arboliva|Strength Sap|p1a: Snorlax\n|-unboost|p1a: Snorlax|atk|1\n|-heal|p2a: Arboliva|290/290 par\n|\n|-heal|p1a: Snorlax|326/397|[from] Grassy Terrain\n|upkeep\n|turn|95\n|inactive|wtfjieger has 120 seconds left.\n|\n|t:|1782821679\n|move|p1a: Snorlax|Crunch|p2a: Arboliva\n|-damage|p2a: Arboliva|254/290 par\n|move|p2a: Arboliva|Energy Ball|p1a: Snorlax\n|-damage|p1a: Snorlax|181/397\n|\n|-heal|p1a: Snorlax|205/397|[from] Grassy Terrain\n|-heal|p2a: Arboliva|272/290 par|[from] Grassy Terrain\n|-heal|p2a: Arboliva|290/290 par|[from] item: Leftovers\n|upkeep\n|turn|96\n|inactive|wtfjieger has 120 seconds left.\n|\n|t:|1782821689\n|move|p1a: Snorlax|Crunch|p2a: Arboliva\n|-damage|p2a: Arboliva|254/290 par\n|-unboost|p2a: Arboliva|def|1\n|cant|p2a: Arboliva|par\n|\n|-heal|p1a: Snorlax|229/397|[from] Grassy Terrain\n|-heal|p2a: Arboliva|272/290 par|[from] Grassy Terrain\n|-heal|p2a: Arboliva|290/290 par|[from] item: Leftovers\n|upkeep\n|turn|97\n|inactive|wtfjieger has 120 seconds left.\n|\n|t:|1782821700\n|move|p1a: Snorlax|Crunch|p2a: Arboliva\n|-damage|p2a: Arboliva|233/290 par\n|move|p2a: Arboliva|Energy Ball|p1a: Snorlax\n|-damage|p1a: Snorlax|75/397\n|\n|-heal|p1a: Snorlax|99/397|[from] Grassy Terrain\n|-heal|p2a: Arboliva|251/290 par|[from] Grassy Terrain\n|-heal|p2a: Arboliva|269/290 par|[from] item: Leftovers\n|-fieldend|move: Grassy Terrain\n|upkeep\n|turn|98\n|inactive|wtfjieger has 120 seconds left.\n|\n|t:|1782821710\n|move|p1a: Snorlax|Rest|p1a: Snorlax\n|-status|p1a: Snorlax|slp|[from] move: Rest\n|-heal|p1a: Snorlax|397/397 slp|[silent]\n|move|p2a: Arboliva|Energy Ball|p1a: Snorlax\n|-damage|p1a: Snorlax|288/397 slp\n|\n|-heal|p2a: Arboliva|287/290 par|[from] item: Leftovers\n|upkeep\n|turn|99\n|inactive|wtfjieger has 120 seconds left.\n|\n|t:|1782821723\n|switch|p2a: Amoonguss|Amoonguss, L82, M, tera:Water|267/321 par\n|cant|p1a: Snorlax|slp\n|\n|-heal|p2a: Amoonguss|287/321 par|[from] item: Leftovers\n|upkeep\n|turn|100\n|inactive|wtfjieger has 120 seconds left.\n|-message|wtfjieger forfeited.\n|\n|win|Basic-Burger\n|raw|wtfjieger's rating: 1560 &rarr; <strong>1544</strong><br />(-16 for losing)\n|raw|Basic-Burger's rating: 1627 &rarr; <strong>1643</strong><br />(+16 for winning)\n|l|\u2606wtfjieger\n|player|p1|\n", "inputlog": ">version f8ac14003a5f27e1bdc8d8c59608a773c1cb96e5\n>start {\"formatid\":\"gen9randombattle\",\"seed\":\"sodium,d1c845066bc156ff5544dfac0acee0e2\",\"rated\":\"Rated battle\"}\n>player p1 {\"name\":\"wtfjieger\",\"avatar\":\"rosa\",\"rating\":1560,\"seed\":\"sodium,9469515b3a045c37fa79b2e86625275e\"}\n>player p2 {\"name\":\"Basic-Burger\",\"avatar\":\"artist\",\"rating\":1627,\"seed\":\"sodium,d8ef4f9b10bde6292d0097284111bbc5\"}\n>p1 move clangoroussoul\n>p2 move scald\n>p1 move drainpunch\n>p2 move scald\n>p1 move drainpunch\n>p2 move scald\n>p1 move drainpunch\n>p2 move protect\n>p1 move drainpunch\n>p2 switch 2\n>p1 move clangingscales\n>p2 move spore\n>p1 move ironhead\n>p2 switch 3\n>p1 move ironhead terastallize\n>p2 move bravebird\n>p1 move ironhead\n>p2 switch 6\n>p1 move clangoroussoul\n>p2 move willowisp\n>p1 move clangingscales\n>p2 move discharge\n>p2 switch 4\n>p1 move clangingscales\n>p2 move suckerpunch\n>p1 move clangingscales\n>p2 move suckerpunch\n>p1 switch 5\n>p1 move thunderwave\n>p2 switch 3\n>p1 switch 6\n>p2 move toxic\n>p1 move bodyslam\n>p2 switch 3\n>p1 move bodyslam\n>p2 move closecombat\n>p2 switch 6\n>p1 switch 6\n>p2 move facade\n>p1 move protect\n>p2 switch 3\n>p1 switch 6\n>p2 move sludgebomb\n>p1 move rest\n>p2 move gigadrain\n>p1 move bodyslam\n>p2 move toxic\n>p1 move bodyslam\n>p2 move gigadrain\n>p1 move rest\n>p2 switch 3\n>p1 switch 4\n>p2 switch 2\n>p1 switch 6\n>p2 move scald\n>p1 move wish\n>p2 move protect\n>p1 move thunderwave\n>p2 switch 3\n>p1 move protect\n>p2 move sludgebomb\n>p1 switch 4\n>p2 move gigadrain\n>p1 move bodyslam\n>p2 switch 5\n>p1 move bodyslam\n>p2 move hypervoice\n>p1 move bodyslam\n>p2 move hypervoice\n>p1 move rest\n>p2 switch 5\n>p1 move bodyslam\n>p2 switch 5\n>p1 move bodyslam\n>p2 move hypervoice\n>p1 move bodyslam\n>p2 move hypervoice\n>p1 move bodyslam\n>p2 switch 5\n>p1 move bodyslam\n>p2 move toxic\n>p1 move bodyslam\n>p2 switch 5\n>p1 move rest\n>p2 move energyball\n>p1 move bodyslam\n>p2 switch 3\n>p1 switch 4\n>p2 move calmmind\n>p1 move thunderwave\n>p2 move protect\n>p1 move thunderwave\n>p2 switch 5\n>p1 switch 4\n>p2 move sludgebomb\n>p1 move bodyslam\n>p2 switch 3\n>p1 move bodyslam\n>p2 move hypervoice\n>p1 move bodyslam\n>p2 move energyball\n>p1 switch 4\n>p2 move strengthsap\n>p1 move wish\n>p2 switch 3\n>p1 switch 4\n>p2 move sludgebomb\n>p1 move bodyslam\n>p2 move toxic\n>p1 move bodyslam\n>p2 move gigadrain\n>p1 move rest\n>p2 switch 3\n>p1 switch 4\n>p2 switch 5\n>p1 move playrough\n>p2 switch 3\n>p1 switch 4\n>p2 move sludgebomb\n>p1 move bodyslam\n>p2 switch 5\n>p1 switch 4\n>p2 move earthpower\n>p1 move wish\n>p2 switch 5\n>p1 move protect\n>p2 move gigadrain\n>p1 switch 4\n>p2 move sludgebomb\n>p1 move bodyslam\n>p2 switch 5\n>p1 switch 4\n>p2 move earthpower\n>p1 move wish\n>p2 switch 5\n>p1 switch 4\n>p2 switch 2\n>p1 switch 4\n>p2 move facade\n>p1 move protect\n>p2 move quickattack\n>p1 move protect\n>p2 move facade\n>p1 switch 6\n>p2 switch 3\n>p1 move earthquake\n>p2 move calmmind\n>p1 move earthquake\n>p2 move scald\n>p1 move earthquake\n>p2 move scald\n>p1 switch 3\n>p1 move shellsmash\n>p2 move calmmind\n>p1 move earthquake\n>p2 move protect\n>p1 move earthquake\n>p2 move scald\n>p1 move earthquake\n>p2 move scald\n>p2 switch 2\n>p1 move icebeam\n>p2 move gigadrain terastallize\n>p1 switch 4\n>p2 move gigadrain\n>p1 move bodyslam\n>p2 switch 5\n>p1 move curse\n>p2 move energyball\n>p1 move bodyslam\n>p2 switch 5\n>p1 move bodyslam\n>p2 move spore\n>p1 switch 2\n>p2 switch 5\n>p1 move icebeam\n>p2 move energyball\n>p1 switch 4\n>p1 move icebeam\n>p2 switch 5\n>p1 switch 2\n>p2 move gigadrain\n>p1 move curse\n>p2 move sludgebomb\n>p1 move curse\n>p2 move sludgebomb\n>p1 move bodyslam\n>p2 move spore\n>p1 move bodyslam\n>p2 switch 5\n>p1 move bodyslam\n>p2 move strengthsap\n>p1 move bodyslam\n>p2 move hypervoice\n>p1 move bodyslam\n>p2 move strengthsap\n>p1 move crunch\n>p2 move energyball\n>p1 move crunch\n>p2 move energyball\n>p1 move crunch\n>p2 move energyball\n>p1 move rest\n>p2 move energyball\n>p1 move curse\n>p2 switch 5\n>forcelose p1", "uploadtime": 1782821744, "views": 2, "formatid": "gen9randombattle", "rating": 1544, "private": 0, "password": null, "player_dets": [{"name": "wtfjieger", "avatar": "rosa", "rating": 1560, "seed": "sodium,9469515b3a045c37fa79b2e86625275e"}, {"name": "Basic-Burger", "avatar": "artist", "rating": 1627, "seed": "sodium,d8ef4f9b10bde6292d0097284111bbc5"}], "teams_full": [{"Kommo-o": {"name": "Kommo-o", "species": "Kommo-o", "speciesId": "kommoo", "gender": "F", "shiny": false, "level": 78, "moves": ["clangoroussoul", "drainpunch", "clangingscales", "ironhead"], "ability": "Soundproof", "evs": {"hp": 85, "atk": 85, "def": 85, "spa": 85, "spd": 85, "spe": 85}, "ivs": {"hp": 31, "atk": 31, "def": 31, "spa": 31, "spd": 31, "spe": 31}, "item": "Throat Spray", "teraType": "Steel", "role": "Fast Bulky Setup", "bvs": {"hp": 75, "atk": 110, "def": 125, "spa": 100, "spd": 105, "spe": 85}, "stats": {"hp": 245, "atk": 217, "def": 240, "spa": 201, "spd": 209, "spe": 178}, "types": ["Dragon", "Fighting"]}, "Inteleon": {"name": "Inteleon", "species": "Inteleon", "speciesId": "inteleon", "gender": "M", "shiny": false, "level": 81, "moves": ["hydropump", "icebeam", "scald", "uturn"], "ability": "Torrent", "evs": {"hp": 85, "atk": 85, "def": 85, "spa": 85, "spd": 85, "spe": 85}, "ivs": {"hp": 31, "atk": 31, "def": 31, "spa": 31, "spd": 31, "spe": 31}, "item": "Choice Specs", "teraType": "Water", "role": "Wallbreaker", "bvs": {"hp": 70, "atk": 85, "def": 65, "spa": 125, "spd": 65, "spe": 120}, "stats": {"hp": 246, "atk": 184, "def": 152, "spa": 249, "spd": 152, "spe": 241}, "types": ["Water"]}, "Blastoise": {"name": "Blastoise", "species": "Blastoise", "speciesId": "blastoise", "gender": "M", "shiny": false, "level": 80, "moves": ["shellsmash", "earthquake", "icebeam", "hydropump"], "ability": "Torrent", "evs": {"hp": 85, "atk": 85, "def": 85, "spa": 85, "spd": 85, "spe": 85}, "ivs": {"hp": 31, "atk": 31, "def": 31, "spa": 31, "spd": 31, "spe": 31}, "item": "White Herb", "teraType": "Ground", "role": "Setup Sweeper", "bvs": {"hp": 79, "atk": 83, "def": 100, "spa": 85, "spd": 105, "spe": 78}, "stats": {"hp": 258, "atk": 179, "def": 206, "spa": 182, "spd": 214, "spe": 171}, "types": ["Water"]}, "Hippowdon": {"name": "Hippowdon", "species": "Hippowdon", "speciesId": "hippowdon", "gender": "F", "shiny": false, "level": 82, "moves": ["curse", "slackoff", "earthquake", "stoneedge"], "ability": "Sand Stream", "evs": {"hp": 85, "atk": 85, "def": 85, "spa": 85, "spd": 85, "spe": 85}, "ivs": {"hp": 31, "atk": 31, "def": 31, "spa": 31, "spd": 31, "spe": 31}, "item": "Leftovers", "teraType": "Rock", "role": "Bulky Setup", "bvs": {"hp": 108, "atk": 112, "def": 118, "spa": 68, "spd": 72, "spe": 47}, "stats": {"hp": 311, "atk": 231, "def": 241, "spa": 159, "spd": 165, "spe": 124}, "types": ["Ground"]}, "Scream Tail": {"name": "Scream Tail", "species": "Scream Tail", "speciesId": "screamtail", "gender": "N", "shiny": false, "level": 84, "moves": ["playrough", "protect", "thunderwave", "wish"], "ability": "Protosynthesis", "evs": {"hp": 85, "atk": 85, "def": 85, "spa": 85, "spd": 85, "spe": 85}, "ivs": {"hp": 31, "atk": 31, "def": 31, "spa": 31, "spd": 31, "spe": 31}, "item": "Leftovers", "teraType": "Steel", "role": "Bulky Support", "bvs": {"hp": 115, "atk": 65, "def": 99, "spa": 65, "spd": 115, "spe": 111}, "stats": {"hp": 330, "atk": 157, "def": 215, "spa": 157, "spd": 241, "spe": 235}, "types": ["Fairy", "Psychic"]}, "Snorlax": {"name": "Snorlax", "species": "Snorlax", "speciesId": "snorlax", "gender": "M", "shiny": false, "level": 82, "moves": ["bodyslam", "curse", "crunch", "rest"], "ability": "Thick Fat", "evs": {"hp": 85, "atk": 85, "def": 85, "spa": 85, "spd": 85, "spe": 85}, "ivs": {"hp": 31, "atk": 31, "def": 31, "spa": 31, "spd": 31, "spe": 31}, "item": "Chesto Berry", "teraType": "Poison", "role": "Bulky Setup", "bvs": {"hp": 160, "atk": 110, "def": 65, "spa": 65, "spd": 110, "spe": 30}, "stats": {"hp": 397, "atk": 228, "def": 154, "spa": 154, "spd": 228, "spe": 96}, "types": ["Normal"]}}, {"Suicune": {"name": "Suicune", "species": "Suicune", "speciesId": "suicune", "gender": "N", "shiny": false, "level": 82, "moves": ["scald", "protect", "calmmind", "substitute"], "ability": "Pressure", "evs": {"hp": 85, "atk": 0, "def": 85, "spa": 85, "spd": 85, "spe": 85}, "ivs": {"hp": 31, "atk": 0, "def": 31, "spa": 31, "spd": 31, "spe": 31}, "item": "Leftovers", "teraType": "Steel", "role": "Fast Support", "bvs": {"hp": 100, "atk": 75, "def": 115, "spa": 90, "spd": 115, "spe": 85}, "stats": {"hp": 298, "atk": 127, "def": 236, "spa": 195, "spd": 236, "spe": 187}, "types": ["Water"]}, "Amoonguss": {"name": "Amoonguss", "species": "Amoonguss", "speciesId": "amoonguss", "gender": "M", "shiny": false, "level": 82, "moves": ["gigadrain", "spore", "toxic", "sludgebomb"], "ability": "Regenerator", "evs": {"hp": 85, "atk": 0, "def": 85, "spa": 85, "spd": 85, "spe": 85}, "ivs": {"hp": 31, "atk": 0, "def": 31, "spa": 31, "spd": 31, "spe": 31}, "item": "Leftovers", "teraType": "Water", "role": "Bulky Support", "bvs": {"hp": 114, "atk": 85, "def": 70, "spa": 85, "spd": 80, "spe": 30}, "stats": {"hp": 321, "atk": 144, "def": 162, "spa": 187, "spd": 178, "spe": 96}, "types": ["Grass", "Poison"]}, "Squawkabilly": {"name": "Squawkabilly", "species": "Squawkabilly-Blue", "speciesId": "squawkabillyblue", "gender": "M", "shiny": false, "level": 85, "moves": ["quickattack", "facade", "protect", "bravebird"], "ability": "Guts", "evs": {"hp": 85, "atk": 85, "def": 85, "spa": 85, "spd": 85, "spe": 85}, "ivs": {"hp": 31, "atk": 31, "def": 31, "spa": 31, "spd": 31, "spe": 31}, "item": "Flame Orb", "teraType": "Normal", "role": "Wallbreaker", "bvs": {"hp": 82, "atk": 96, "def": 51, "spa": 45, "spd": 51, "spe": 92}, "stats": {"hp": 278, "atk": 212, "def": 135, "spa": 125, "spd": 135, "spe": 205}, "types": ["Normal", "Flying"]}, "Hitmontop": {"name": "Hitmontop", "species": "Hitmontop", "speciesId": "hitmontop", "gender": "M", "shiny": false, "level": 88, "moves": ["earthquake", "rapidspin", "suckerpunch", "closecombat"], "ability": "Intimidate", "evs": {"hp": 85, "atk": 85, "def": 85, "spa": 85, "spd": 85, "spe": 85}, "ivs": {"hp": 31, "atk": 31, "def": 31, "spa": 31, "spd": 31, "spe": 31}, "item": "Assault Vest", "teraType": "Steel", "role": "Bulky Support", "bvs": {"hp": 50, "atk": 95, "def": 95, "spa": 35, "spd": 110, "spe": 70}, "stats": {"hp": 231, "atk": 217, "def": 217, "spa": 112, "spd": 244, "spe": 173}, "types": ["Fighting"]}, "Arboliva": {"name": "Arboliva", "species": "Arboliva", "speciesId": "arboliva", "gender": "F", "shiny": false, "level": 91, "moves": ["hypervoice", "earthpower", "strengthsap", "energyball"], "ability": "Seed Sower", "evs": {"hp": 85, "atk": 0, "def": 85, "spa": 85, "spd": 85, "spe": 85}, "ivs": {"hp": 31, "atk": 0, "def": 31, "spa": 31, "spd": 31, "spe": 31}, "item": "Leftovers", "teraType": "Ground", "role": "Bulky Attacker", "bvs": {"hp": 78, "atk": 69, "def": 90, "spa": 125, "spd": 109, "spe": 39}, "stats": {"hp": 290, "atk": 130, "def": 216, "spa": 279, "spd": 250, "spe": 123}, "types": ["Grass", "Normal"]}, "Rotom": {"name": "Rotom", "species": "Rotom-Heat", "speciesId": "rotomheat", "gender": "N", "shiny": false, "level": 83, "moves": ["voltswitch", "discharge", "willowisp", "overheat"], "ability": "Levitate", "evs": {"hp": 85, "atk": 0, "def": 85, "spa": 85, "spd": 85, "spe": 85}, "ivs": {"hp": 31, "atk": 0, "def": 31, "spa": 31, "spd": 31, "spe": 31}, "item": "Heavy-Duty Boots", "teraType": "Electric", "role": "Bulky Support", "bvs": {"hp": 50, "atk": 65, "def": 107, "spa": 105, "spd": 107, "spe": 86}, "stats": {"hp": 219, "atk": 112, "def": 225, "spa": 222, "spd": 225, "spe": 190}, "types": ["Electric", "Fire"]}}]}