{"id": "gen9randombattle-2641722772", "format": "[Gen 9] Random Battle", "players": ["Yusuke YoureAMeshi", "eheg"], "log": "|j|\u2606Yusuke YoureAMeshi\n|j|\u2606eheg\n|t:|1782834189\n|gametype|singles\n|player|p1|Yusuke YoureAMeshi|buck|1993\n|player|p2|eheg|265|1999\n|gen|9\n|tier|[Gen 9] Random Battle\n|rated|\n|rule|Species Clause: Limit one of each Pok\u00e9mon\n|rule|HP Percentage Mod: HP is shown in percentages\n|rule|Sleep Clause Mod: Limit one foe put to sleep\n|rule|Illusion Level Mod: Illusion disguises the Pok\u00e9mon's true level\n|\n|t:|1782834189\n|teamsize|p1|6\n|teamsize|p2|6\n|start\n|switch|p1a: Araquanid|Araquanid, L82, F|246/246\n|switch|p2a: Suicune|Suicune, L82|298/298\n|-ability|p2a: Suicune|Pressure\n|turn|1\n|inactive|Battle timer is ON: inactive players will automatically lose when time's up. (requested by Yusuke YoureAMeshi)\n|\n|t:|1782834218\n|move|p2a: Suicune|Calm Mind|p2a: Suicune\n|-boost|p2a: Suicune|spa|1\n|-boost|p2a: Suicune|spd|1\n|move|p1a: Araquanid|Sticky Web|p2a: Suicune\n|-sidestart|p2: eheg|move: Sticky Web\n|\n|upkeep\n|turn|2\n|\n|t:|1782834227\n|switch|p1a: Grimmsnarl|Grimmsnarl, L83, M|293/293\n|move|p2a: Suicune|Calm Mind|p2a: Suicune\n|-boost|p2a: Suicune|spa|1\n|-boost|p2a: Suicune|spd|1\n|\n|upkeep\n|turn|3\n|\n|t:|1782834233\n|move|p1a: Grimmsnarl|Light Screen|p1a: Grimmsnarl\n|-sidestart|p1: Yusuke YoureAMeshi|move: Light Screen\n|move|p2a: Suicune|Substitute|p2a: Suicune\n|-start|p2a: Suicune|Substitute\n|-damage|p2a: Suicune|224/298\n|\n|-heal|p2a: Suicune|242/298|[from] item: Leftovers\n|upkeep\n|turn|4\n|\n|t:|1782834244\n|move|p2a: Suicune|Calm Mind|p2a: Suicune\n|-boost|p2a: Suicune|spa|1\n|-boost|p2a: Suicune|spd|1\n|move|p1a: Grimmsnarl|Spirit Break|p2a: Suicune\n|-end|p2a: Suicune|Substitute\n|\n|-heal|p2a: Suicune|260/298|[from] item: Leftovers\n|upkeep\n|turn|5\n|j| lifesucksxxx123\n|\n|t:|1782834253\n|move|p2a: Suicune|Substitute|p2a: Suicune\n|-start|p2a: Suicune|Substitute\n|-damage|p2a: Suicune|186/298\n|move|p1a: Grimmsnarl|Spirit Break|p2a: Suicune\n|-end|p2a: Suicune|Substitute\n|\n|-heal|p2a: Suicune|204/298|[from] item: Leftovers\n|upkeep\n|turn|6\n|\n|t:|1782834266\n|move|p2a: Suicune|Scald|p1a: Grimmsnarl\n|-damage|p1a: Grimmsnarl|188/293\n|move|p1a: Grimmsnarl|Spirit Break|p2a: Suicune\n|-damage|p2a: Suicune|132/298\n|-unboost|p2a: Suicune|spa|1\n|\n|-heal|p2a: Suicune|150/298|[from] item: Leftovers\n|upkeep\n|turn|7\n|\n|t:|1782834277\n|move|p2a: Suicune|Scald|p1a: Grimmsnarl\n|-crit|p1a: Grimmsnarl\n|-damage|p1a: Grimmsnarl|0 fnt\n|faint|p1a: Grimmsnarl\n|\n|-heal|p2a: Suicune|168/298|[from] item: Leftovers\n|upkeep\n|\n|t:|1782834281\n|switch|p1a: Ogerpon|Ogerpon-Cornerstone, L76, F|247/247\n|turn|8\n|\n|t:|1782834291\n|-terastallize|p2a: Suicune|Dragon\n|move|p1a: Ogerpon|Power Whip|p2a: Suicune\n|-resisted|p2a: Suicune\n|-damage|p2a: Suicune|103/298\n|move|p2a: Suicune|Ice Beam|p1a: Ogerpon\n|-supereffective|p1a: Ogerpon\n|-damage|p1a: Ogerpon|120/247\n|\n|-heal|p2a: Suicune|121/298|[from] item: Leftovers\n|upkeep\n|turn|9\n|\n|t:|1782834300\n|switch|p1a: Sylveon|Sylveon, L85, M|300/300\n|move|p2a: Suicune|Ice Beam|p1a: Sylveon\n|-damage|p1a: Sylveon|256/300\n|\n|-heal|p2a: Suicune|139/298|[from] item: Leftovers\n|-heal|p1a: Sylveon|274/300|[from] item: Leftovers\n|upkeep\n|turn|10\n|\n|t:|1782834309\n|move|p2a: Suicune|Scald|p1a: Sylveon\n|-damage|p1a: Sylveon|214/300\n|move|p1a: Sylveon|Calm Mind|p1a: Sylveon\n|-boost|p1a: Sylveon|spa|1\n|-boost|p1a: Sylveon|spd|1\n|\n|-heal|p2a: Suicune|157/298|[from] item: Leftovers\n|-heal|p1a: Sylveon|232/300|[from] item: Leftovers\n|-sideend|p1: Yusuke YoureAMeshi|move: Light Screen\n|upkeep\n|turn|11\n|\n|t:|1782834320\n|switch|p2a: Whimsicott|Whimsicott, L84, F|238/238\n|move|p1a: Sylveon|Wish|p1a: Sylveon\n|\n|-heal|p1a: Sylveon|250/300|[from] item: Leftovers\n|upkeep\n|turn|12\n|\n|t:|1782834329\n|switch|p1a: Ogerpon|Ogerpon-Cornerstone, L76, F|120/247\n|move|p2a: Whimsicott|Moonblast|p1a: Ogerpon\n|-damage|p1a: Ogerpon|36/247\n|\n|-heal|p1a: Ogerpon|186/247|[from] move: Wish|[wisher] Sylveon\n|upkeep\n|turn|13\n|\n|t:|1782834341\n|move|p2a: Whimsicott|U-turn|p1a: Ogerpon\n|-supereffective|p1a: Ogerpon\n|-damage|p1a: Ogerpon|104/247\n|\n|t:|1782834348\n|switch|p2a: Diancie|Diancie, L82|216/216|[from] U-turn\n|-activate|p2a: Diancie|move: Sticky Web\n|-fail|p2a: Diancie|unboost|[from] ability: Clear Body|[of] p2a: Diancie\n|move|p1a: Ogerpon|Spikes|p2a: Diancie\n|-sidestart|p2: eheg|Spikes\n|\n|upkeep\n|turn|14\n|\n|t:|1782834367\n|switch|p1a: Iron Treads|Iron Treads, L77|265/265\n|move|p2a: Diancie|Diamond Storm|p1a: Iron Treads\n|-resisted|p1a: Iron Treads\n|-damage|p1a: Iron Treads|244/265\n|\n|-heal|p1a: Iron Treads|260/265|[from] item: Leftovers\n|upkeep\n|turn|15\n|\n|t:|1782834377\n|move|p1a: Iron Treads|Stealth Rock|p2a: Diancie\n|-sidestart|p2: eheg|move: Stealth Rock\n|move|p2a: Diancie|Earth Power|p1a: Iron Treads\n|-supereffective|p1a: Iron Treads\n|-damage|p1a: Iron Treads|112/265\n|\n|-heal|p1a: Iron Treads|128/265|[from] item: Leftovers\n|upkeep\n|turn|16\n|\n|t:|1782834386\n|move|p1a: Iron Treads|Iron Head|p2a: Diancie\n|-supereffective|p2a: Diancie\n|-damage|p2a: Diancie|0 fnt\n|faint|p2a: Diancie\n|\n|-heal|p1a: Iron Treads|144/265|[from] item: Leftovers\n|upkeep\n|\n|t:|1782834392\n|switch|p2a: Kricketune|Kricketune, L99, F|312/312\n|turn|17\n|\n|t:|1782834400\n|move|p1a: Iron Treads|Rapid Spin|p2a: Kricketune\n|-damage|p2a: Kricketune|272/312\n|-boost|p1a: Iron Treads|spe|1\n|move|p2a: Kricketune|Knock Off|p1a: Iron Treads\n|-damage|p1a: Iron Treads|74/265\n|-enditem|p1a: Iron Treads|Leftovers|[from] move: Knock Off|[of] p2a: Kricketune\n|\n|upkeep\n|turn|18\n|\n|t:|1782834416\n|switch|p2a: Suicune|Suicune, L82, tera:Dragon|157/298\n|-activate|p2a: Suicune|move: Sticky Web\n|-unboost|p2a: Suicune|spe|1\n|-damage|p2a: Suicune|120/298|[from] Spikes\n|-damage|p2a: Suicune|83/298|[from] Stealth Rock\n|-ability|p2a: Suicune|Pressure\n|move|p1a: Iron Treads|Iron Head|p2a: Suicune\n|-damage|p2a: Suicune|13/298\n|\n|-heal|p2a: Suicune|31/298|[from] item: Leftovers\n|upkeep\n|turn|19\n|\n|t:|1782834429\n|move|p1a: Iron Treads|Iron Head|p2a: Suicune\n|-damage|p2a: Suicune|0 fnt\n|faint|p2a: Suicune\n|\n|upkeep\n|\n|t:|1782834433\n|switch|p2a: Sinistcha|Sinistcha, L83|254/254\n|-activate|p2a: Sinistcha|move: Sticky Web\n|-unboost|p2a: Sinistcha|spe|1\n|-damage|p2a: Sinistcha|223/254|[from] Spikes\n|-damage|p2a: Sinistcha|192/254|[from] Stealth Rock\n|turn|20\n|\n|t:|1782834447\n|-end|p1a: Iron Treads|Quark Drive|[silent]\n|switch|p1a: Porygon-Z|Porygon-Z, L83|277/277\n|move|p2a: Sinistcha|Strength Sap|p1a: Porygon-Z\n|-unboost|p1a: Porygon-Z|atk|1\n|-heal|p2a: Sinistcha|254/254\n|\n|upkeep\n|turn|21\n|\n|t:|1782834457\n|switch|p2a: Whimsicott|Whimsicott, L84, F|238/238\n|move|p1a: Porygon-Z|Shadow Ball|p2a: Whimsicott\n|-damage|p2a: Whimsicott|141/238\n|-damage|p1a: Porygon-Z|250/277|[from] item: Life Orb\n|\n|upkeep\n|turn|22\n|\n|t:|1782834469\n|move|p2a: Whimsicott|Moonblast|p1a: Porygon-Z\n|-damage|p1a: Porygon-Z|156/277\n|move|p1a: Porygon-Z|Tera Blast|p2a: Whimsicott\n|-damage|p2a: Whimsicott|0 fnt\n|faint|p2a: Whimsicott\n|-damage|p1a: Porygon-Z|129/277|[from] item: Life Orb\n|\n|upkeep\n|\n|t:|1782834476\n|switch|p2a: Kricketune|Kricketune, L99, F|272/312\n|turn|23\n|\n|t:|1782834498\n|switch|p1a: Iron Treads|Iron Treads, L77|74/265\n|move|p2a: Kricketune|Sticky Web|p1a: Iron Treads\n|-sidestart|p1: Yusuke YoureAMeshi|move: Sticky Web\n|\n|upkeep\n|turn|24\n|\n|t:|1782834503\n|switch|p2a: Sinistcha|Sinistcha, L83|254/254\n|-activate|p2a: Sinistcha|move: Sticky Web\n|-unboost|p2a: Sinistcha|spe|1\n|-damage|p2a: Sinistcha|223/254|[from] Spikes\n|-damage|p2a: Sinistcha|192/254|[from] Stealth Rock\n|move|p1a: Iron Treads|Rapid Spin|p2a: Sinistcha\n|-immune|p2a: Sinistcha\n|\n|-heal|p2a: Sinistcha|207/254|[from] item: Leftovers\n|upkeep\n|turn|25\n|\n|t:|1782834518\n|move|p1a: Iron Treads|Iron Head|p2a: Sinistcha\n|-damage|p2a: Sinistcha|140/254\n|move|p2a: Sinistcha|Matcha Gotcha|p1a: Iron Treads\n|-damage|p1a: Iron Treads|0 fnt\n|-heal|p2a: Sinistcha|177/254|[from] drain|[of] p1a: Iron Treads\n|faint|p1a: Iron Treads\n|-end|p1a: Iron Treads|Quark Drive|[silent]\n|\n|-heal|p2a: Sinistcha|192/254|[from] item: Leftovers\n|upkeep\n|\n|t:|1782834532\n|switch|p1a: Porygon-Z|Porygon-Z, L83|129/277\n|-activate|p1a: Porygon-Z|move: Sticky Web\n|-unboost|p1a: Porygon-Z|spe|1\n|turn|26\n|\n|t:|1782834538\n|move|p1a: Porygon-Z|Shadow Ball|p2a: Sinistcha\n|-supereffective|p2a: Sinistcha\n|-damage|p2a: Sinistcha|0 fnt\n|faint|p2a: Sinistcha\n|-damage|p1a: Porygon-Z|102/277|[from] item: Life Orb\n|\n|upkeep\n|\n|t:|1782834543\n|switch|p2a: Kricketune|Kricketune, L99, F|272/312\n|turn|27\n|\n|t:|1782834550\n|move|p2a: Kricketune|Pounce|p1a: Porygon-Z\n|-damage|p1a: Porygon-Z|0 fnt\n|faint|p1a: Porygon-Z\n|\n|upkeep\n|\n|t:|1782834561\n|switch|p1a: Araquanid|Araquanid, L82, F|246/246\n|turn|28\n|\n|t:|1782834565\n|move|p2a: Kricketune|Pounce|p1a: Araquanid\n|-damage|p1a: Araquanid|147/246\n|-unboost|p1a: Araquanid|spe|1\n|move|p1a: Araquanid|Liquidation|p2a: Kricketune\n|-damage|p2a: Kricketune|98/312\n|\n|upkeep\n|turn|29\n|\n|t:|1782834573\n|move|p2a: Kricketune|Pounce|p1a: Araquanid\n|-damage|p1a: Araquanid|44/246\n|-unboost|p1a: Araquanid|spe|1\n|move|p1a: Araquanid|Liquidation|p2a: Kricketune\n|-damage|p2a: Kricketune|0 fnt\n|faint|p2a: Kricketune\n|\n|upkeep\n|\n|t:|1782834580\n|switch|p2a: Arceus|Arceus-Psychic, L69|280/280\n|-activate|p2a: Arceus|move: Sticky Web\n|-unboost|p2a: Arceus|spe|1\n|-damage|p2a: Arceus|245/280|[from] Spikes\n|-damage|p2a: Arceus|210/280|[from] Stealth Rock\n|turn|30\n|\n|t:|1782834591\n|move|p2a: Arceus|Cosmic Power|p2a: Arceus\n|-boost|p2a: Arceus|def|1\n|-boost|p2a: Arceus|spd|1\n|move|p1a: Araquanid|Leech Life|p2a: Arceus\n|-supereffective|p2a: Arceus\n|-damage|p2a: Arceus|130/280\n|-heal|p1a: Araquanid|84/246|[from] drain|[of] p2a: Arceus\n|\n|upkeep\n|turn|31\n|\n|t:|1782834599\n|move|p2a: Arceus|Cosmic Power|p2a: Arceus\n|-boost|p2a: Arceus|def|1\n|-boost|p2a: Arceus|spd|1\n|move|p1a: Araquanid|Leech Life|p2a: Arceus\n|-supereffective|p2a: Arceus\n|-damage|p2a: Arceus|74/280\n|-heal|p1a: Araquanid|112/246|[from] drain|[of] p2a: Arceus\n|\n|upkeep\n|turn|32\n|\n|t:|1782834606\n|switch|p1a: Sylveon|Sylveon, L85, M|250/300\n|-activate|p1a: Sylveon|move: Sticky Web\n|-unboost|p1a: Sylveon|spe|1\n|move|p2a: Arceus|Recover|p2a: Arceus\n|-heal|p2a: Arceus|214/280\n|\n|-heal|p1a: Sylveon|268/300|[from] item: Leftovers\n|upkeep\n|turn|33\n|\n|t:|1782834618\n|move|p2a: Arceus|Cosmic Power|p2a: Arceus\n|-boost|p2a: Arceus|def|1\n|-boost|p2a: Arceus|spd|1\n|move|p1a: Sylveon|Calm Mind|p1a: Sylveon\n|-boost|p1a: Sylveon|spa|1\n|-boost|p1a: Sylveon|spd|1\n|\n|-heal|p1a: Sylveon|286/300|[from] item: Leftovers\n|upkeep\n|turn|34\n|\n|t:|1782834625\n|move|p2a: Arceus|Cosmic Power|p2a: Arceus\n|-boost|p2a: Arceus|def|1\n|-boost|p2a: Arceus|spd|1\n|move|p1a: Sylveon|Calm Mind|p1a: Sylveon\n|-boost|p1a: Sylveon|spa|1\n|-boost|p1a: Sylveon|spd|1\n|\n|-heal|p1a: Sylveon|300/300|[from] item: Leftovers\n|upkeep\n|turn|35\n|\n|t:|1782834632\n|move|p2a: Arceus|Cosmic Power|p2a: Arceus\n|-boost|p2a: Arceus|def|1\n|-boost|p2a: Arceus|spd|1\n|move|p1a: Sylveon|Calm Mind|p1a: Sylveon\n|-boost|p1a: Sylveon|spa|1\n|-boost|p1a: Sylveon|spd|1\n|\n|upkeep\n|turn|36\n|\n|t:|1782834638\n|move|p2a: Arceus|Cosmic Power|p2a: Arceus\n|-boost|p2a: Arceus|def|1\n|-boost|p2a: Arceus|spd|1\n|move|p1a: Sylveon|Calm Mind|p1a: Sylveon\n|-boost|p1a: Sylveon|spa|1\n|-boost|p1a: Sylveon|spd|1\n|\n|upkeep\n|turn|37\n|\n|t:|1782834644\n|move|p2a: Arceus|Body Press|p1a: Sylveon\n|-resisted|p1a: Sylveon\n|-damage|p1a: Sylveon|192/300\n|move|p1a: Sylveon|Wish|p1a: Sylveon\n|\n|-heal|p1a: Sylveon|210/300|[from] item: Leftovers\n|upkeep\n|turn|38\n|\n|t:|1782834650\n|move|p2a: Arceus|Stored Power|p1a: Sylveon\n|-damage|p1a: Sylveon|141/300\n|move|p1a: Sylveon|Calm Mind|p1a: Sylveon\n|-boost|p1a: Sylveon|spa|1\n|-boost|p1a: Sylveon|spd|1\n|\n|-heal|p1a: Sylveon|291/300|[from] move: Wish|[wisher] Sylveon\n|-heal|p1a: Sylveon|300/300|[from] item: Leftovers\n|upkeep\n|turn|39\n|\n|t:|1782834664\n|move|p2a: Arceus|Body Press|p1a: Sylveon\n|-resisted|p1a: Sylveon\n|-damage|p1a: Sylveon|182/300\n|move|p1a: Sylveon|Wish|p1a: Sylveon\n|\n|-heal|p1a: Sylveon|200/300|[from] item: Leftovers\n|upkeep\n|turn|40\n|\n|t:|1782834671\n|move|p2a: Arceus|Body Press|p1a: Sylveon\n|-resisted|p1a: Sylveon\n|-damage|p1a: Sylveon|79/300\n|move|p1a: Sylveon|Calm Mind|p1a: Sylveon\n|-boost|p1a: Sylveon|spa|1\n|-boost|p1a: Sylveon|spd|1\n|\n|-heal|p1a: Sylveon|229/300|[from] move: Wish|[wisher] Sylveon\n|-heal|p1a: Sylveon|247/300|[from] item: Leftovers\n|upkeep\n|turn|41\n|\n|t:|1782834679\n|move|p1a: Sylveon|Protect|p1a: Sylveon\n|-singleturn|p1a: Sylveon|Protect\n|move|p2a: Arceus|Body Press|p1a: Sylveon\n|-activate|p1a: Sylveon|move: Protect\n|\n|-heal|p1a: Sylveon|265/300|[from] item: Leftovers\n|upkeep\n|turn|42\n|\n|t:|1782834686\n|move|p2a: Arceus|Body Press|p1a: Sylveon\n|-resisted|p1a: Sylveon\n|-damage|p1a: Sylveon|152/300\n|move|p1a: Sylveon|Wish|p1a: Sylveon\n|\n|-heal|p1a: Sylveon|170/300|[from] item: Leftovers\n|upkeep\n|turn|43\n|\n|t:|1782834698\n|move|p1a: Sylveon|Protect|p1a: Sylveon\n|-singleturn|p1a: Sylveon|Protect\n|move|p2a: Arceus|Cosmic Power|p2a: Arceus\n|-boost|p2a: Arceus|def|0\n|-boost|p2a: Arceus|spd|0\n|\n|-heal|p1a: Sylveon|300/300|[from] move: Wish|[wisher] Sylveon\n|upkeep\n|turn|44\n|\n|t:|1782834706\n|move|p2a: Arceus|Body Press|p1a: Sylveon\n|-resisted|p1a: Sylveon\n|-damage|p1a: Sylveon|179/300\n|move|p1a: Sylveon|Hyper Voice|p2a: Arceus\n|-damage|p2a: Arceus|91/280\n|\n|-heal|p1a: Sylveon|197/300|[from] item: Leftovers\n|upkeep\n|turn|45\n|c|\u2606eheg|gg\n|\n|t:|1782834718\n|move|p1a: Sylveon|Protect|p1a: Sylveon\n|-singleturn|p1a: Sylveon|Protect\n|move|p2a: Arceus|Recover|p2a: Arceus\n|-heal|p2a: Arceus|231/280\n|\n|-heal|p1a: Sylveon|215/300|[from] item: Leftovers\n|upkeep\n|turn|46\n|\n|t:|1782834726\n|move|p2a: Arceus|Body Press|p1a: Sylveon\n|-resisted|p1a: Sylveon\n|-damage|p1a: Sylveon|97/300\n|move|p1a: Sylveon|Wish|p1a: Sylveon\n|\n|-heal|p1a: Sylveon|115/300|[from] item: Leftovers\n|upkeep\n|turn|47\n|\n|t:|1782834732\n|move|p1a: Sylveon|Protect|p1a: Sylveon\n|-singleturn|p1a: Sylveon|Protect\n|move|p2a: Arceus|Body Press|p1a: Sylveon\n|-activate|p1a: Sylveon|move: Protect\n|\n|-heal|p1a: Sylveon|265/300|[from] move: Wish|[wisher] Sylveon\n|-heal|p1a: Sylveon|283/300|[from] item: Leftovers\n|upkeep\n|turn|48\n|\n|t:|1782834740\n|move|p2a: Arceus|Body Press|p1a: Sylveon\n|-resisted|p1a: Sylveon\n|-damage|p1a: Sylveon|162/300\n|move|p1a: Sylveon|Hyper Voice|p2a: Arceus\n|-damage|p2a: Arceus|114/280\n|\n|-heal|p1a: Sylveon|180/300|[from] item: Leftovers\n|upkeep\n|turn|49\n|\n|t:|1782834747\n|move|p2a: Arceus|Body Press|p1a: Sylveon\n|-resisted|p1a: Sylveon\n|-damage|p1a: Sylveon|69/300\n|move|p1a: Sylveon|Hyper Voice|p2a: Arceus\n|-damage|p2a: Arceus|0 fnt\n|faint|p2a: Arceus\n|\n|win|Yusuke YoureAMeshi\n", "inputlog": ">version f8ac14003a5f27e1bdc8d8c59608a773c1cb96e5\n>start {\"formatid\":\"gen9randombattle\",\"seed\":\"sodium,ca9bc716bbcda6a645db87a75625ed0b\",\"rated\":\"Rated battle\"}\n>player p1 {\"name\":\"Yusuke YoureAMeshi\",\"avatar\":\"buck\",\"rating\":1993,\"seed\":\"sodium,d3c199261b328f5829c0d5ea8f6f49eb\"}\n>player p2 {\"name\":\"eheg\",\"avatar\":\"265\",\"rating\":1999,\"seed\":\"sodium,d999b0302c05ade9531c391832502321\"}\n>p1 move stickyweb\n>p2 move calmmind\n>p1 switch 4\n>p2 move calmmind\n>p1 move lightscreen\n>p2 move substitute\n>p1 move spiritbreak\n>p2 move calmmind\n>p1 move spiritbreak\n>p2 move substitute\n>p1 move spiritbreak\n>p2 move scald\n>p1 move spiritbreak\n>p2 move scald\n>p1 switch 3\n>p1 move powerwhip\n>p2 move icebeam terastallize\n>p1 switch 5\n>p2 move icebeam\n>p1 move calmmind\n>p2 move scald\n>p1 move wish\n>p2 switch 3\n>p1 switch 5\n>p2 move moonblast\n>p1 move spikes\n>p2 move uturn\n>p2 switch 4\n>p1 switch 6\n>p2 move diamondstorm\n>p1 move stealthrock\n>p2 move earthpower\n>p1 move ironhead\n>p2 move earthpower\n>p2 switch 2\n>p1 move rapidspin\n>p2 move knockoff\n>p1 move ironhead\n>p2 switch 3\n>p1 move ironhead\n>p2 move scald\n>p2 switch 6\n>p1 switch 2\n>p2 move strengthsap\n>p1 move shadowball\n>p2 switch 4\n>p1 move terablast\n>p2 move moonblast\n>p2 switch 3\n>p1 switch 2\n>p2 move stickyweb\n>p1 move rapidspin\n>p2 switch 4\n>p1 move ironhead\n>p2 move matchagotcha\n>p1 switch 2\n>p1 move shadowball\n>p2 move calmmind\n>p2 switch 4\n>p1 move terablast\n>p2 move pounce\n>p1 switch 4\n>p1 move liquidation\n>p2 move pounce\n>p1 move liquidation\n>p2 move pounce\n>p2 switch 5\n>p1 move leechlife\n>p2 move cosmicpower\n>p1 move leechlife\n>p2 move cosmicpower\n>p1 switch 5\n>p2 move recover\n>p1 move calmmind\n>p2 move cosmicpower\n>p1 move calmmind\n>p2 move cosmicpower\n>p1 move calmmind\n>p2 move cosmicpower\n>p1 move calmmind\n>p2 move cosmicpower\n>p1 move wish\n>p2 move bodypress\n>p1 move calmmind\n>p2 move storedpower\n>p1 move wish\n>p2 move bodypress\n>p1 move calmmind\n>p2 move bodypress\n>p1 move protect\n>p2 move bodypress\n>p1 move wish\n>p2 move bodypress\n>p1 move protect\n>p2 move cosmicpower\n>p1 move hypervoice\n>p2 move bodypress\n>chat \u2606eheg|gg\n>p1 move protect\n>p2 move recover\n>p1 move wish\n>p2 move bodypress\n>p1 move protect\n>p2 move bodypress\n>p1 move hypervoice\n>p2 move bodypress\n>p1 move hypervoice\n>p2 move bodypress", "uploadtime": 1782834191, "views": 5, "formatid": "gen9randombattle", "rating": null, "private": 0, "password": null, "player_dets": [{"name": "Yusuke YoureAMeshi", "avatar": "buck", "rating": 1993, "seed": "sodium,d3c199261b328f5829c0d5ea8f6f49eb"}, {"name": "eheg", "avatar": "265", "rating": 1999, "seed": "sodium,d999b0302c05ade9531c391832502321"}], "teams_full": [{"Araquanid": {"name": "Araquanid", "species": "Araquanid", "speciesId": "araquanid", "gender": "F", "shiny": false, "level": 82, "moves": ["hydropump", "leechlife", "stickyweb", "liquidation"], "ability": "Water Bubble", "evs": {"hp": 85, "atk": 85, "def": 85, "spa": 85, "spd": 85, "spe": 85}, "ivs": {"hp": 31, "atk": 31, "def": 31, "spa": 31, "spd": 31, "spe": 31}, "item": "Heavy-Duty Boots", "teraType": "Water", "role": "Bulky Attacker", "bvs": {"hp": 68, "atk": 70, "def": 92, "spa": 50, "spd": 132, "spe": 42}, "stats": {"hp": 246, "atk": 162, "def": 198, "spa": 129, "spd": 264, "spe": 116}, "types": ["Water", "Bug"]}, "Porygon-Z": {"name": "Porygon-Z", "species": "Porygon-Z", "speciesId": "porygonz", "gender": "N", "shiny": false, "level": 83, "moves": ["terablast", "agility", "nastyplot", "shadowball"], "ability": "Adaptability", "evs": {"hp": 85, "atk": 0, "def": 85, "spa": 85, "spd": 85, "spe": 85}, "ivs": {"hp": 31, "atk": 0, "def": 31, "spa": 31, "spd": 31, "spe": 31}, "item": "Life Orb", "teraType": "Fighting", "role": "Tera Blast user", "bvs": {"hp": 85, "atk": 80, "def": 70, "spa": 135, "spd": 75, "spe": 90}, "stats": {"hp": 277, "atk": 137, "def": 164, "spa": 272, "spd": 172, "spe": 197}, "types": ["Normal"]}, "Ogerpon": {"name": "Ogerpon", "species": "Ogerpon-Cornerstone", "speciesId": "ogerponcornerstone", "gender": "F", "shiny": false, "level": 76, "moves": ["powerwhip", "synthesis", "spikes", "ivycudgel"], "ability": "Sturdy", "evs": {"hp": 85, "atk": 85, "def": 85, "spa": 85, "spd": 85, "spe": 85}, "ivs": {"hp": 31, "atk": 31, "def": 31, "spa": 31, "spd": 31, "spe": 31}, "item": "Cornerstone Mask", "teraType": "Rock", "role": "Bulky Attacker", "bvs": {"hp": 80, "atk": 120, "def": 84, "spa": 60, "spd": 96, "spe": 110}, "stats": {"hp": 247, "atk": 226, "def": 172, "spa": 135, "spd": 190, "spe": 211}, "types": ["Grass", "Rock"]}, "Grimmsnarl": {"name": "Grimmsnarl", "species": "Grimmsnarl", "speciesId": "grimmsnarl", "gender": "M", "shiny": false, "level": 83, "moves": ["reflect", "lightscreen", "partingshot", "spiritbreak"], "ability": "Prankster", "evs": {"hp": 85, "atk": 85, "def": 85, "spa": 85, "spd": 85, "spe": 85}, "ivs": {"hp": 31, "atk": 31, "def": 31, "spa": 31, "spd": 31, "spe": 31}, "item": "Light Clay", "teraType": "Steel", "role": "Bulky Support", "bvs": {"hp": 95, "atk": 120, "def": 65, "spa": 95, "spd": 75, "spe": 60}, "stats": {"hp": 293, "atk": 247, "def": 156, "spa": 205, "spd": 172, "spe": 147}, "types": ["Dark", "Fairy"]}, "Sylveon": {"name": "Sylveon", "species": "Sylveon", "speciesId": "sylveon", "gender": "M", "shiny": false, "level": 85, "moves": ["protect", "calmmind", "hypervoice", "wish"], "ability": "Pixilate", "evs": {"hp": 85, "atk": 0, "def": 85, "spa": 85, "spd": 85, "spe": 85}, "ivs": {"hp": 31, "atk": 0, "def": 31, "spa": 31, "spd": 31, "spe": 31}, "item": "Leftovers", "teraType": "Steel", "role": "Bulky Setup", "bvs": {"hp": 95, "atk": 65, "def": 65, "spa": 110, "spd": 130, "spe": 60}, "stats": {"hp": 300, "atk": 115, "def": 159, "spa": 236, "spd": 270, "spe": 151}, "types": ["Fairy"]}, "Iron Treads": {"name": "Iron Treads", "species": "Iron Treads", "speciesId": "irontreads", "gender": "N", "shiny": false, "level": 77, "moves": ["earthquake", "ironhead", "stealthrock", "rapidspin"], "ability": "Quark Drive", "evs": {"hp": 85, "atk": 85, "def": 85, "spa": 85, "spd": 85, "spe": 85}, "ivs": {"hp": 31, "atk": 31, "def": 31, "spa": 31, "spd": 31, "spe": 31}, "item": "Leftovers", "teraType": "Water", "role": "Bulky Support", "bvs": {"hp": 90, "atk": 112, "def": 120, "spa": 72, "spd": 70, "spe": 106}, "stats": {"hp": 265, "atk": 217, "def": 229, "spa": 155, "spd": 152, "spe": 208}, "types": ["Ground", "Steel"]}}, {"Suicune": {"name": "Suicune", "species": "Suicune", "speciesId": "suicune", "gender": "N", "shiny": false, "level": 82, "moves": ["scald", "substitute", "icebeam", "calmmind"], "ability": "Pressure", "evs": {"hp": 85, "atk": 0, "def": 85, "spa": 85, "spd": 85, "spe": 85}, "ivs": {"hp": 31, "atk": 0, "def": 31, "spa": 31, "spd": 31, "spe": 31}, "item": "Leftovers", "teraType": "Dragon", "role": "Bulky Setup", "bvs": {"hp": 100, "atk": 75, "def": 115, "spa": 90, "spd": 115, "spe": 85}, "stats": {"hp": 298, "atk": 127, "def": 236, "spa": 195, "spd": 236, "spe": 187}, "types": ["Water"]}, "Kricketune": {"name": "Kricketune", "species": "Kricketune", "speciesId": "kricketune", "gender": "F", "shiny": false, "level": 99, "moves": ["knockoff", "pounce", "taunt", "stickyweb"], "ability": "Technician", "evs": {"hp": 85, "atk": 85, "def": 85, "spa": 85, "spd": 85, "spe": 85}, "ivs": {"hp": 31, "atk": 31, "def": 31, "spa": 31, "spd": 31, "spe": 31}, "item": "Heavy-Duty Boots", "teraType": "Ghost", "role": "Fast Support", "bvs": {"hp": 77, "atk": 85, "def": 51, "spa": 55, "spd": 51, "spe": 65}, "stats": {"hp": 312, "atk": 224, "def": 157, "spa": 165, "spd": 157, "spe": 185}, "types": ["Bug"]}, "Whimsicott": {"name": "Whimsicott", "species": "Whimsicott", "speciesId": "whimsicott", "gender": "F", "shiny": false, "level": 84, "moves": ["encore", "moonblast", "uturn", "gigadrain"], "ability": "Prankster", "evs": {"hp": 85, "atk": 85, "def": 85, "spa": 85, "spd": 85, "spe": 85}, "ivs": {"hp": 31, "atk": 31, "def": 31, "spa": 31, "spd": 31, "spe": 31}, "item": "Heavy-Duty Boots", "teraType": "Steel", "role": "Fast Support", "bvs": {"hp": 60, "atk": 67, "def": 85, "spa": 77, "spd": 75, "spe": 116}, "stats": {"hp": 238, "atk": 161, "def": 191, "spa": 178, "spd": 174, "spe": 243}, "types": ["Grass", "Fairy"]}, "Diancie": {"name": "Diancie", "species": "Diancie", "speciesId": "diancie", "gender": "N", "shiny": false, "level": 82, "moves": ["drainingkiss", "calmmind", "earthpower", "diamondstorm"], "ability": "Clear Body", "evs": {"hp": 85, "atk": 85, "def": 85, "spa": 85, "spd": 85, "spe": 85}, "ivs": {"hp": 31, "atk": 31, "def": 31, "spa": 31, "spd": 31, "spe": 31}, "item": "Leftovers", "teraType": "Fairy", "role": "Bulky Setup", "bvs": {"hp": 50, "atk": 100, "def": 150, "spa": 100, "spd": 150, "spe": 50}, "stats": {"hp": 216, "atk": 211, "def": 293, "spa": 211, "spd": 293, "spe": 129}, "types": ["Rock", "Fairy"]}, "Arceus": {"name": "Arceus", "species": "Arceus-Psychic", "speciesId": "arceuspsychic", "gender": "N", "shiny": false, "level": 69, "moves": ["cosmicpower", "bodypress", "storedpower", "recover"], "ability": "Multitype", "evs": {"hp": 85, "atk": 0, "def": 85, "spa": 85, "spd": 85, "spe": 85}, "ivs": {"hp": 31, "atk": 0, "def": 31, "spa": 31, "spd": 31, "spe": 31}, "item": "Mind Plate", "teraType": "Steel", "role": "Bulky Setup", "bvs": {"hp": 120, "atk": 120, "def": 120, "spa": 120, "spd": 120, "spe": 120}, "stats": {"hp": 280, "atk": 170, "def": 206, "spa": 206, "spd": 206, "spe": 206}, "types": ["Psychic"]}, "Sinistcha": {"name": "Sinistcha", "species": "Sinistcha", "speciesId": "sinistcha", "gender": "N", "shiny": false, "level": 83, "moves": ["shadowball", "strengthsap", "calmmind", "matchagotcha"], "ability": "Heatproof", "evs": {"hp": 85, "atk": 0, "def": 85, "spa": 85, "spd": 85, "spe": 85}, "ivs": {"hp": 31, "atk": 0, "def": 31, "spa": 31, "spd": 31, "spe": 31}, "item": "Leftovers", "teraType": "Steel", "role": "Bulky Setup", "bvs": {"hp": 71, "atk": 60, "def": 106, "spa": 121, "spd": 80, "spe": 70}, "stats": {"hp": 254, "atk": 104, "def": 224, "spa": 249, "spd": 180, "spe": 164}, "types": ["Grass", "Ghost"]}}]}