{"id": "gen9randombattle-2641190943", "format": "[Gen 9] Random Battle", "players": ["woopre", "notmetbh102"], "log": "|badge|p2|bronze|gen9randombattle|100-9\n|html|<div class=\"broadcast-red\"><strong>This battle is required to be public due to one or more player having a season medal.</strong><br />During the public phase, you can discuss the state of the ladder <a href=\"/seasondiscussion\">in a special chatroom.</a></div>\n|uhtml|medal-msg|<div class=\"broadcast-blue\">Curious what those medals under the avatar are? PS now has Ladder Seasons! For more information, check out the <a href=\"https://www.smogon.com/forums/threads/3740067/\">thread on Smogon.</a></div>\n|raw|<div class=\"broadcast-blue\"><strong>This battle is required to be public due to a player having a name starting with 'medal'.</div>\n|j|\u2606woopre\n|j|\u2606notmetbh102\n|t:|1782751653\n|gametype|singles\n|player|p1|woopre|#solomodspliii|2222\n|player|p2|notmetbh102|2|2313\n|gen|9\n|tier|[Gen 9] Random Battle\n|rated|\n|rule|Species Clause: Limit one of each Pok\u00e9mon\n|rule|HP Percentage Mod: HP is shown in percentages\n|rule|Sleep Clause Mod: Limit one foe put to sleep\n|rule|Illusion Level Mod: Illusion disguises the Pok\u00e9mon's true level\n|\n|t:|1782751653\n|teamsize|p1|6\n|teamsize|p2|6\n|start\n|switch|p1a: Pyroar|Pyroar, L88, M|295/295\n|switch|p2a: Shaymin|Shaymin, L82|298/298\n|-ability|p1a: Pyroar|Unnerve\n|turn|1\n|inactive|Battle timer is ON: inactive players will automatically lose when time's up. (requested by notmetbh102)\n|c|\u2606notmetbh102|hf\n|inactive|woopre also wants the timer to be on.\n|\n|t:|1782751667\n|move|p1a: Pyroar|Fire Blast|p2a: Shaymin\n|-supereffective|p2a: Shaymin\n|-damage|p2a: Shaymin|40/298\n|move|p2a: Shaymin|Earth Power|p1a: Pyroar\n|-supereffective|p1a: Pyroar\n|-damage|p1a: Pyroar|145/295\n|\n|-heal|p2a: Shaymin|58/298|[from] item: Leftovers\n|upkeep\n|turn|2\n|\n|t:|1782751671\n|switch|p2a: Porygon-Z|Porygon-Z, L83|277/277\n|-ability|p2a: Porygon-Z|Download|boost\n|-boost|p2a: Porygon-Z|spa|1\n|move|p1a: Pyroar|Work Up|p1a: Pyroar\n|-boost|p1a: Pyroar|atk|1\n|-boost|p1a: Pyroar|spa|1\n|\n|upkeep\n|turn|3\n|\n|t:|1782751677\n|switch|p1a: Bronzong|Bronzong, L88|261/261\n|move|p2a: Porygon-Z|Tri Attack|p1a: Bronzong\n|-resisted|p1a: Bronzong\n|-damage|p1a: Bronzong|201/261\n|\n|-heal|p1a: Bronzong|217/261|[from] item: Leftovers\n|upkeep\n|turn|4\n|\n|t:|1782751682\n|move|p2a: Porygon-Z|Tri Attack|p1a: Bronzong\n|-resisted|p1a: Bronzong\n|-damage|p1a: Bronzong|149/261\n|-status|p1a: Bronzong|brn\n|move|p1a: Bronzong|Stealth Rock|p2a: Porygon-Z\n|-sidestart|p2: notmetbh102|move: Stealth Rock\n|\n|-heal|p1a: Bronzong|165/261 brn|[from] item: Leftovers\n|-damage|p1a: Bronzong|149/261 brn|[from] brn\n|upkeep\n|turn|5\n|\n|t:|1782751686\n|move|p2a: Porygon-Z|Tri Attack|p1a: Bronzong\n|-resisted|p1a: Bronzong\n|-damage|p1a: Bronzong|86/261 brn\n|move|p1a: Bronzong|Psychic|p2a: Porygon-Z\n|-damage|p2a: Porygon-Z|174/277\n|\n|-heal|p1a: Bronzong|102/261 brn|[from] item: Leftovers\n|-damage|p1a: Bronzong|86/261 brn|[from] brn\n|upkeep\n|turn|6\n|\n|t:|1782751688\n|move|p2a: Porygon-Z|Tri Attack|p1a: Bronzong\n|-resisted|p1a: Bronzong\n|-damage|p1a: Bronzong|24/261 brn\n|move|p1a: Bronzong|Psychic|p2a: Porygon-Z\n|-damage|p2a: Porygon-Z|77/277\n|\n|-heal|p1a: Bronzong|40/261 brn|[from] item: Leftovers\n|-damage|p1a: Bronzong|24/261 brn|[from] brn\n|upkeep\n|turn|7\n|\n|t:|1782751692\n|move|p2a: Porygon-Z|Tri Attack|p1a: Bronzong\n|-resisted|p1a: Bronzong\n|-damage|p1a: Bronzong|0 fnt\n|faint|p1a: Bronzong\n|\n|upkeep\n|\n|t:|1782751703\n|switch|p1a: Alcremie|Alcremie-Mint-Cream, L90, F|263/263\n|turn|8\n|\n|t:|1782751705\n|move|p2a: Porygon-Z|Tri Attack|p1a: Alcremie\n|-damage|p1a: Alcremie|142/263\n|move|p1a: Alcremie|Alluring Voice|p2a: Porygon-Z\n|-damage|p2a: Porygon-Z|0 fnt\n|faint|p2a: Porygon-Z\n|\n|-heal|p1a: Alcremie|158/263|[from] item: Leftovers\n|upkeep\n|\n|t:|1782751706\n|switch|p2a: Flapple|Flapple, L88, M|266/266\n|-damage|p2a: Flapple|233/266|[from] Stealth Rock\n|turn|9\n|\n|t:|1782751711\n|move|p2a: Flapple|Grav Apple|p1a: Alcremie\n|-damage|p1a: Alcremie|0 fnt\n|faint|p1a: Alcremie\n|\n|upkeep\n|\n|t:|1782751718\n|switch|p1a: Tropius|Tropius, L91, F|328/328\n|turn|10\n|\n|t:|1782751722\n|switch|p2a: Cyclizar|Cyclizar, L83, M|252/252\n|move|p1a: Tropius|Air Slash|p2a: Cyclizar\n|-damage|p2a: Cyclizar|153/252\n|\n|upkeep\n|turn|11\n|\n|t:|1782751728\n|move|p2a: Cyclizar|Rapid Spin|p1a: Tropius\n|-damage|p1a: Tropius|273/328\n|-boost|p2a: Cyclizar|spe|1\n|-sideend|p2: notmetbh102|Stealth Rock|[from] move: Rapid Spin|[of] p2a: Cyclizar\n|move|p1a: Tropius|Substitute|p1a: Tropius\n|-start|p1a: Tropius|Substitute\n|-damage|p1a: Tropius|191/328\n|\n|upkeep\n|turn|12\n|\n|t:|1782751731\n|move|p2a: Cyclizar|Shed Tail|p2a: Cyclizar\n|-start|p2a: Cyclizar|Substitute|[from] move: Shed Tail\n|-damage|p2a: Cyclizar|27/252\n|\n|t:|1782751731\n|switch|p2a: Shaymin|Shaymin, L82|58/298|[from] Shed Tail\n|move|p1a: Tropius|Air Slash|p2a: Shaymin\n|-supereffective|p2a: Shaymin\n|-end|p2a: Shaymin|Substitute\n|\n|-heal|p2a: Shaymin|76/298|[from] item: Leftovers\n|upkeep\n|turn|13\n|\n|t:|1782751734\n|move|p2a: Shaymin|Synthesis|p2a: Shaymin\n|-heal|p2a: Shaymin|225/298\n|move|p1a: Tropius|Air Slash|p2a: Shaymin\n|-supereffective|p2a: Shaymin\n|-damage|p2a: Shaymin|97/298\n|\n|-heal|p2a: Shaymin|115/298|[from] item: Leftovers\n|upkeep\n|turn|14\n|\n|t:|1782751737\n|move|p2a: Shaymin|Synthesis|p2a: Shaymin\n|-heal|p2a: Shaymin|264/298\n|move|p1a: Tropius|Air Slash|p2a: Shaymin\n|-supereffective|p2a: Shaymin\n|-damage|p2a: Shaymin|126/298\n|\n|-heal|p2a: Shaymin|144/298|[from] item: Leftovers\n|upkeep\n|turn|15\n|\n|t:|1782751739\n|move|p2a: Shaymin|Synthesis|p2a: Shaymin\n|-heal|p2a: Shaymin|293/298\n|move|p1a: Tropius|Air Slash|p2a: Shaymin\n|-supereffective|p2a: Shaymin\n|-damage|p2a: Shaymin|155/298\n|\n|-heal|p2a: Shaymin|173/298|[from] item: Leftovers\n|upkeep\n|turn|16\n|\n|t:|1782751748\n|move|p2a: Shaymin|Synthesis|p2a: Shaymin\n|-heal|p2a: Shaymin|298/298\n|move|p1a: Tropius|Air Slash|p2a: Shaymin\n|-supereffective|p2a: Shaymin\n|-damage|p2a: Shaymin|152/298\n|\n|-heal|p2a: Shaymin|170/298|[from] item: Leftovers\n|upkeep\n|turn|17\n|\n|t:|1782751759\n|move|p2a: Shaymin|Synthesis|p2a: Shaymin\n|-heal|p2a: Shaymin|298/298\n|move|p1a: Tropius|Air Slash|p2a: Shaymin\n|-supereffective|p2a: Shaymin\n|-damage|p2a: Shaymin|164/298\n|\n|-heal|p2a: Shaymin|182/298|[from] item: Leftovers\n|upkeep\n|turn|18\n|\n|t:|1782751770\n|move|p2a: Shaymin|Synthesis|p2a: Shaymin\n|-heal|p2a: Shaymin|298/298\n|move|p1a: Tropius|Air Slash|p2a: Shaymin\n|-supereffective|p2a: Shaymin\n|-damage|p2a: Shaymin|166/298\n|\n|-heal|p2a: Shaymin|184/298|[from] item: Leftovers\n|upkeep\n|turn|19\n|\n|t:|1782751784\n|move|p2a: Shaymin|Synthesis|p2a: Shaymin\n|-heal|p2a: Shaymin|298/298\n|move|p1a: Tropius|Air Slash|p2a: Shaymin\n|-supereffective|p2a: Shaymin\n|-damage|p2a: Shaymin|166/298\n|\n|-heal|p2a: Shaymin|184/298|[from] item: Leftovers\n|upkeep\n|turn|20\n|\n|t:|1782751787\n|move|p2a: Shaymin|Synthesis|p2a: Shaymin\n|-heal|p2a: Shaymin|298/298\n|move|p1a: Tropius|Air Slash|p2a: Shaymin\n|-supereffective|p2a: Shaymin\n|-damage|p2a: Shaymin|148/298\n|\n|-heal|p2a: Shaymin|166/298|[from] item: Leftovers\n|upkeep\n|turn|21\n|\n|t:|1782751790\n|move|p2a: Shaymin|Air Slash|p1a: Tropius\n|-supereffective|p1a: Tropius\n|-end|p1a: Tropius|Substitute\n|move|p1a: Tropius|Air Slash|p2a: Shaymin\n|-supereffective|p2a: Shaymin\n|-damage|p2a: Shaymin|26/298\n|\n|-heal|p2a: Shaymin|44/298|[from] item: Leftovers\n|upkeep\n|turn|22\n|\n|t:|1782751794\n|move|p2a: Shaymin|Air Slash|p1a: Tropius\n|-supereffective|p1a: Tropius\n|-damage|p1a: Tropius|97/328\n|-enditem|p1a: Tropius|Sitrus Berry|[eat]\n|-heal|p1a: Tropius|179/328|[from] item: Sitrus Berry\n|cant|p1a: Tropius|flinch\n|\n|-heal|p2a: Shaymin|62/298|[from] item: Leftovers\n|upkeep\n|turn|23\n|\n|t:|1782751797\n|move|p2a: Shaymin|Air Slash|p1a: Tropius\n|-supereffective|p1a: Tropius\n|-damage|p1a: Tropius|89/328\n|move|p1a: Tropius|Substitute|p1a: Tropius\n|-start|p1a: Tropius|Substitute\n|-damage|p1a: Tropius|7/328\n|\n|-heal|p2a: Shaymin|80/298|[from] item: Leftovers\n|-item|p1a: Tropius|Sitrus Berry|[from] ability: Harvest\n|upkeep\n|-enditem|p1a: Tropius|Sitrus Berry|[eat]\n|-heal|p1a: Tropius|89/328|[from] item: Sitrus Berry\n|turn|24\n|\n|t:|1782751800\n|move|p1a: Tropius|Protect|p1a: Tropius\n|-singleturn|p1a: Tropius|Protect\n|move|p2a: Shaymin|Air Slash|p1a: Tropius\n|-activate|p1a: Tropius|move: Protect\n|\n|-heal|p2a: Shaymin|98/298|[from] item: Leftovers\n|upkeep\n|turn|25\n|\n|t:|1782751803\n|-terastallize|p2a: Shaymin|Steel\n|move|p2a: Shaymin|Air Slash|p1a: Tropius\n|-supereffective|p1a: Tropius\n|-end|p1a: Tropius|Substitute\n|move|p1a: Tropius|Substitute|p1a: Tropius\n|-start|p1a: Tropius|Substitute\n|-damage|p1a: Tropius|7/328\n|\n|-heal|p2a: Shaymin|116/298|[from] item: Leftovers\n|upkeep\n|turn|26\n|\n|t:|1782751807\n|move|p2a: Shaymin|Air Slash|p1a: Tropius\n|-supereffective|p1a: Tropius\n|-end|p1a: Tropius|Substitute\n|move|p1a: Tropius|Leech Seed|p2a: Shaymin\n|-start|p2a: Shaymin|move: Leech Seed\n|\n|-heal|p2a: Shaymin|134/298|[from] item: Leftovers\n|-damage|p2a: Shaymin|97/298|[from] Leech Seed|[of] p1a: Tropius\n|-heal|p1a: Tropius|44/328|[silent]\n|upkeep\n|turn|27\n|\n|t:|1782751809\n|switch|p2a: Pikachu|Pikachu-Alola, L93, M|216/216\n|move|p1a: Tropius|Protect||[still]\n|-fail|p1a: Tropius\n|\n|-item|p1a: Tropius|Sitrus Berry|[from] ability: Harvest\n|upkeep\n|-enditem|p1a: Tropius|Sitrus Berry|[eat]\n|-heal|p1a: Tropius|126/328|[from] item: Sitrus Berry\n|turn|28\n|\n|t:|1782751813\n|move|p1a: Tropius|Protect|p1a: Tropius\n|-singleturn|p1a: Tropius|Protect\n|move|p2a: Pikachu|Fake Out|p1a: Tropius\n|-activate|p1a: Tropius|move: Protect\n|\n|-item|p1a: Tropius|Sitrus Berry|[from] ability: Harvest\n|upkeep\n|-enditem|p1a: Tropius|Sitrus Berry|[eat]\n|-heal|p1a: Tropius|208/328|[from] item: Sitrus Berry\n|turn|29\n|\n|t:|1782751817\n|move|p2a: Pikachu|Volt Tackle|p1a: Tropius\n|-damage|p1a: Tropius|15/328\n|-damage|p2a: Pikachu|152/216|[from] Recoil\n|move|p1a: Tropius|Leech Seed|p2a: Pikachu\n|-start|p2a: Pikachu|move: Leech Seed\n|\n|-damage|p2a: Pikachu|125/216|[from] Leech Seed|[of] p1a: Tropius\n|-heal|p1a: Tropius|42/328|[silent]\n|upkeep\n|turn|30\n|\n|t:|1782751821\n|switch|p2a: Shaymin|Shaymin, L82, tera:Steel|97/298\n|move|p1a: Tropius|Protect||[still]\n|-fail|p1a: Tropius\n|\n|-heal|p2a: Shaymin|115/298|[from] item: Leftovers\n|-item|p1a: Tropius|Sitrus Berry|[from] ability: Harvest\n|upkeep\n|-enditem|p1a: Tropius|Sitrus Berry|[eat]\n|-heal|p1a: Tropius|124/328|[from] item: Sitrus Berry\n|turn|31\n|\n|t:|1782751824\n|move|p1a: Tropius|Protect|p1a: Tropius\n|-singleturn|p1a: Tropius|Protect\n|move|p2a: Shaymin|Air Slash|p1a: Tropius\n|-activate|p1a: Tropius|move: Protect\n|\n|-heal|p2a: Shaymin|133/298|[from] item: Leftovers\n|-item|p1a: Tropius|Sitrus Berry|[from] ability: Harvest\n|upkeep\n|-enditem|p1a: Tropius|Sitrus Berry|[eat]\n|-heal|p1a: Tropius|206/328|[from] item: Sitrus Berry\n|turn|32\n|\n|t:|1782751826\n|move|p2a: Shaymin|Air Slash|p1a: Tropius\n|-supereffective|p1a: Tropius\n|-damage|p1a: Tropius|116/328\n|move|p1a: Tropius|Leech Seed|p2a: Shaymin\n|-start|p2a: Shaymin|move: Leech Seed\n|\n|-heal|p2a: Shaymin|151/298|[from] item: Leftovers\n|-damage|p2a: Shaymin|114/298|[from] Leech Seed|[of] p1a: Tropius\n|-heal|p1a: Tropius|153/328|[silent]\n|upkeep\n|turn|33\n|\n|t:|1782751830\n|move|p2a: Shaymin|Air Slash|p1a: Tropius\n|-supereffective|p1a: Tropius\n|-damage|p1a: Tropius|57/328\n|move|p1a: Tropius|Substitute|p1a: Tropius\n|-fail|p1a: Tropius|move: Substitute|[weak]\n|\n|-heal|p2a: Shaymin|132/298|[from] item: Leftovers\n|-damage|p2a: Shaymin|95/298|[from] Leech Seed|[of] p1a: Tropius\n|-heal|p1a: Tropius|94/328|[silent]\n|upkeep\n|turn|34\n|\n|t:|1782751834\n|switch|p2a: Pikachu|Pikachu-Alola, L93, M|125/216\n|move|p1a: Tropius|Protect||[still]\n|-fail|p1a: Tropius\n|\n|upkeep\n|turn|35\n|\n|t:|1782751836\n|move|p1a: Tropius|Protect|p1a: Tropius\n|-singleturn|p1a: Tropius|Protect\n|move|p2a: Pikachu|Fake Out|p1a: Tropius\n|-activate|p1a: Tropius|move: Protect\n|\n|upkeep\n|turn|36\n|\n|t:|1782751850\n|move|p2a: Pikachu|Knock Off|p1a: Tropius\n|-damage|p1a: Tropius|24/328\n|move|p1a: Tropius|Leech Seed|p2a: Pikachu\n|-start|p2a: Pikachu|move: Leech Seed\n|\n|-damage|p2a: Pikachu|98/216|[from] Leech Seed|[of] p1a: Tropius\n|-heal|p1a: Tropius|51/328|[silent]\n|upkeep\n|turn|37\n|\n|t:|1782751853\n|switch|p2a: Shaymin|Shaymin, L82, tera:Steel|95/298\n|move|p1a: Tropius|Protect||[still]\n|-fail|p1a: Tropius\n|\n|-heal|p2a: Shaymin|113/298|[from] item: Leftovers\n|-item|p1a: Tropius|Sitrus Berry|[from] ability: Harvest\n|upkeep\n|-enditem|p1a: Tropius|Sitrus Berry|[eat]\n|-heal|p1a: Tropius|133/328|[from] item: Sitrus Berry\n|turn|38\n|\n|t:|1782751858\n|move|p2a: Shaymin|Air Slash|p1a: Tropius\n|-supereffective|p1a: Tropius\n|-damage|p1a: Tropius|43/328\n|move|p1a: Tropius|Leech Seed|p2a: Shaymin|[miss]\n|-miss|p1a: Tropius|p2a: Shaymin\n|\n|-heal|p2a: Shaymin|131/298|[from] item: Leftovers\n|upkeep\n|turn|39\n|\n|t:|1782751862\n|move|p1a: Tropius|Protect|p1a: Tropius\n|-singleturn|p1a: Tropius|Protect\n|move|p2a: Shaymin|Seed Flare|p1a: Tropius\n|-activate|p1a: Tropius|move: Protect\n|\n|-heal|p2a: Shaymin|149/298|[from] item: Leftovers\n|upkeep\n|turn|40\n|\n|t:|1782751866\n|move|p2a: Shaymin|Seed Flare|p1a: Tropius\n|-resisted|p1a: Tropius\n|-crit|p1a: Tropius\n|-damage|p1a: Tropius|2/328\n|move|p1a: Tropius|Leech Seed|p2a: Shaymin\n|-start|p2a: Shaymin|move: Leech Seed\n|\n|-heal|p2a: Shaymin|167/298|[from] item: Leftovers\n|-damage|p2a: Shaymin|130/298|[from] Leech Seed|[of] p1a: Tropius\n|-heal|p1a: Tropius|39/328|[silent]\n|upkeep\n|turn|41\n|\n|t:|1782751872\n|switch|p2a: Cyclizar|Cyclizar, L83, M|111/252\n|move|p1a: Tropius|Protect||[still]\n|-fail|p1a: Tropius\n|\n|-item|p1a: Tropius|Sitrus Berry|[from] ability: Harvest\n|upkeep\n|-enditem|p1a: Tropius|Sitrus Berry|[eat]\n|-heal|p1a: Tropius|121/328|[from] item: Sitrus Berry\n|turn|42\n|\n|t:|1782751875\n|move|p1a: Tropius|Protect|p1a: Tropius\n|-singleturn|p1a: Tropius|Protect\n|move|p2a: Cyclizar|Draco Meteor|p1a: Tropius\n|-activate|p1a: Tropius|move: Protect\n|\n|-item|p1a: Tropius|Sitrus Berry|[from] ability: Harvest\n|upkeep\n|-enditem|p1a: Tropius|Sitrus Berry|[eat]\n|-heal|p1a: Tropius|203/328|[from] item: Sitrus Berry\n|turn|43\n|\n|t:|1782751877\n|move|p2a: Cyclizar|Draco Meteor|p1a: Tropius|[miss]\n|-miss|p2a: Cyclizar|p1a: Tropius\n|move|p1a: Tropius|Leech Seed|p2a: Cyclizar\n|-start|p2a: Cyclizar|move: Leech Seed\n|\n|-damage|p2a: Cyclizar|80/252|[from] Leech Seed|[of] p1a: Tropius\n|-heal|p1a: Tropius|234/328|[silent]\n|-item|p1a: Tropius|Sitrus Berry|[from] ability: Harvest\n|upkeep\n|turn|44\n|\n|t:|1782751883\n|switch|p2a: Shaymin|Shaymin, L82, tera:Steel|130/298\n|move|p1a: Tropius|Leech Seed|p2a: Shaymin\n|-start|p2a: Shaymin|move: Leech Seed\n|\n|-heal|p2a: Shaymin|148/298|[from] item: Leftovers\n|-damage|p2a: Shaymin|111/298|[from] Leech Seed|[of] p1a: Tropius\n|-heal|p1a: Tropius|271/328|[silent]\n|upkeep\n|turn|45\n|\n|t:|1782751887\n|switch|p2a: Cyclizar|Cyclizar, L83, M|164/252\n|switch|p1a: Pyroar|Pyroar, L88, M|145/295\n|-ability|p1a: Pyroar|Unnerve\n|\n|upkeep\n|turn|46\n|\n|t:|1782751891\n|switch|p1a: Tropius|Tropius, L91, F|271/328\n|move|p2a: Cyclizar|Draco Meteor|p1a: Tropius\n|-damage|p1a: Tropius|156/328\n|-unboost|p2a: Cyclizar|spa|2\n|-enditem|p1a: Tropius|Sitrus Berry|[eat]\n|-heal|p1a: Tropius|238/328|[from] item: Sitrus Berry\n|\n|-item|p1a: Tropius|Sitrus Berry|[from] ability: Harvest\n|upkeep\n|turn|47\n|\n|t:|1782751896\n|switch|p2a: Flapple|Flapple, L88, M|233/266\n|move|p1a: Tropius|Leech Seed|p2a: Flapple\n|-immune|p2a: Flapple\n|\n|upkeep\n|turn|48\n|\n|t:|1782751899\n|move|p2a: Flapple|Outrage|p1a: Tropius\n|-damage|p1a: Tropius|0 fnt\n|faint|p1a: Tropius\n|\n|upkeep\n|\n|t:|1782751903\n|switch|p1a: Hatterene|Hatterene, L85, F|236/236\n|turn|49\n|\n|t:|1782751909\n|-terastallize|p1a: Hatterene|Fairy\n|move|p2a: Flapple|Outrage|p1a: Hatterene|[from] lockedmove\n|-immune|p1a: Hatterene\n|move|p1a: Hatterene|Draining Kiss|p2a: Flapple\n|-supereffective|p2a: Flapple\n|-damage|p2a: Flapple|0 fnt\n|faint|p2a: Flapple\n|\n|upkeep\n|\n|t:|1782751909\n|switch|p2a: Pikachu|Pikachu-Alola, L93, M|98/216\n|turn|50\n|\n|t:|1782751917\n|switch|p1a: Rampardos|Rampardos, L90, M|321/321\n|move|p2a: Pikachu|Volt Tackle|p1a: Rampardos\n|-damage|p1a: Rampardos|45/321\n|-damage|p2a: Pikachu|7/216|[from] Recoil\n|\n|upkeep\n|turn|51\n|\n|t:|1782751922\n|switch|p1a: Hatterene|Hatterene, L85, F, tera:Fairy|236/236\n|move|p2a: Pikachu|Surf|p1a: Hatterene\n|-damage|p1a: Hatterene|175/236\n|\n|upkeep\n|turn|52\n|\n|t:|1782751926\n|switch|p1a: Pyroar|Pyroar, L88, M|145/295\n|-ability|p1a: Pyroar|Unnerve\n|move|p2a: Pikachu|Knock Off|p1a: Pyroar\n|-damage|p1a: Pyroar|28/295\n|-enditem|p1a: Pyroar|Heavy-Duty Boots|[from] move: Knock Off|[of] p2a: Pikachu\n|\n|upkeep\n|turn|53\n|\n|t:|1782751930\n|switch|p2a: Shaymin|Shaymin, L82, tera:Steel|111/298\n|move|p1a: Pyroar|Dark Pulse|p2a: Shaymin\n|-damage|p2a: Shaymin|42/298\n|\n|-heal|p2a: Shaymin|60/298|[from] item: Leftovers\n|upkeep\n|turn|54\n|\n|t:|1782751934\n|move|p1a: Pyroar|Dark Pulse|p2a: Shaymin\n|-damage|p2a: Shaymin|1/298\n|move|p2a: Shaymin|Earth Power|p1a: Pyroar\n|-supereffective|p1a: Pyroar\n|-damage|p1a: Pyroar|0 fnt\n|faint|p1a: Pyroar\n|\n|-heal|p2a: Shaymin|19/298|[from] item: Leftovers\n|upkeep\n|\n|t:|1782751940\n|switch|p1a: Hatterene|Hatterene, L85, F, tera:Fairy|175/236\n|turn|55\n|\n|t:|1782751942\n|move|p2a: Shaymin|Seed Flare|p1a: Hatterene|[miss]\n|-miss|p2a: Shaymin|p1a: Hatterene\n|move|p1a: Hatterene|Draining Kiss|p2a: Shaymin\n|-resisted|p2a: Shaymin\n|-damage|p2a: Shaymin|0 fnt\n|-heal|p1a: Hatterene|189/236|[from] drain|[of] p2a: Shaymin\n|faint|p2a: Shaymin\n|\n|upkeep\n|\n|t:|1782751943\n|switch|p2a: Pikachu|Pikachu-Alola, L93, M|7/216\n|turn|56\n|\n|t:|1782751948\n|switch|p1a: Rampardos|Rampardos, L90, M|45/321\n|move|p2a: Pikachu|Surf|p1a: Rampardos\n|-supereffective|p1a: Rampardos\n|-damage|p1a: Rampardos|0 fnt\n|faint|p1a: Rampardos\n|\n|upkeep\n|\n|t:|1782751950\n|switch|p1a: Hatterene|Hatterene, L85, F, tera:Fairy|189/236\n|turn|57\n|\n|t:|1782751953\n|move|p2a: Pikachu|Volt Tackle|p1a: Hatterene\n|-damage|p1a: Hatterene|0 fnt\n|faint|p1a: Hatterene\n|-damage|p2a: Pikachu|0 fnt|[from] Recoil\n|faint|p2a: Pikachu\n|\n|win|notmetbh102\n|raw|woopre's rating: 2222 &rarr; <strong>2207</strong><br />(-15 for losing)\n|raw|notmetbh102's rating: 2313 &rarr; <strong>2328</strong><br />(+15 for winning)\n|c|\u2606notmetbh102|gg\n", "inputlog": ">version f8ac14003a5f27e1bdc8d8c59608a773c1cb96e5\n>start {\"formatid\":\"gen9randombattle\",\"seed\":\"sodium,f0fbced06e68ae6d294aa4755c594727\",\"rated\":\"Rated battle\"}\n>player p1 {\"name\":\"woopre\",\"avatar\":\"#solomodspliii\",\"rating\":2222,\"seed\":\"sodium,97ca315c6cae5ade17aa6bea22535543\"}\n>player p2 {\"name\":\"notmetbh102\",\"avatar\":\"2\",\"rating\":2313,\"seed\":\"sodium,8e497c64b3a90e0b9d2cb56a946b5807\"}\n>chat \u2606notmetbh102|hf\n>p1 move fireblast\n>p2 move earthpower\n>p1 move workup\n>p2 switch 5\n>p1 switch 4\n>p2 move triattack\n>p1 move stealthrock\n>p2 move triattack\n>p1 move psychic\n>p2 move triattack\n>p1 move psychic\n>p2 move triattack\n>p1 move psychic\n>p2 move triattack\n>p1 switch 3\n>p1 move alluringvoice\n>p2 move triattack\n>p2 switch 4\n>p1 move alluringvoice\n>p2 move gravapple\n>p1 switch 6\n>p1 move airslash\n>p2 switch 2\n>p1 move substitute\n>p2 move rapidspin\n>p1 move airslash\n>p2 move shedtail\n>p2 switch 5\n>p1 move airslash\n>p2 move synthesis\n>p1 move airslash\n>p2 move synthesis\n>p1 move airslash\n>p2 move synthesis\n>p1 move airslash\n>p2 move synthesis\n>p1 move airslash\n>p2 move synthesis\n>p1 move airslash\n>p2 move synthesis\n>p1 move airslash\n>p2 move synthesis\n>p1 move airslash\n>p2 move synthesis\n>p1 move airslash\n>p2 move airslash\n>p1 move substitute\n>p2 move airslash\n>p1 move substitute\n>p2 move airslash\n>p1 move protect\n>p2 move airslash\n>p1 move substitute\n>p2 move airslash terastallize\n>p1 move leechseed\n>p2 move airslash\n>p1 move protect\n>p2 switch 3\n>p1 move protect\n>p2 move fakeout\n>p1 move leechseed\n>p2 move volttackle\n>p1 move protect\n>p2 switch 3\n>p1 move protect\n>p2 move airslash\n>p1 move leechseed\n>p2 move airslash\n>p1 move substitute\n>p2 move airslash\n>p1 move protect\n>p2 switch 3\n>p1 move protect\n>p2 move fakeout\n>p1 move leechseed\n>p2 move knockoff\n>p1 move protect\n>p2 switch 3\n>p1 move leechseed\n>p2 move airslash\n>p1 move protect\n>p2 move seedflare\n>p1 move leechseed\n>p2 move seedflare\n>p1 move protect\n>p2 switch 5\n>p1 move protect\n>p2 move dracometeor\n>p1 move leechseed\n>p2 move dracometeor\n>p1 move leechseed\n>p2 switch 5\n>p1 switch 4\n>p2 switch 5\n>p1 switch 4\n>p2 move dracometeor\n>p1 move leechseed\n>p2 switch 2\n>p1 move airslash\n>p2 move outrage\n>p1 switch 5\n>p1 move drainingkiss terastallize\n>p2 move outrage\n>p2 switch 3\n>p1 switch 2\n>p2 move volttackle\n>p1 switch 2\n>p2 move surf\n>p1 switch 4\n>p2 move knockoff\n>p1 move darkpulse\n>p2 switch 5\n>p1 move darkpulse\n>p2 move earthpower\n>p1 switch 4\n>p1 move drainingkiss\n>p2 move seedflare\n>p2 switch 5\n>p1 switch 2\n>p2 move surf\n>p1 switch 2\n>p1 move drainingkiss\n>p2 move volttackle", "uploadtime": 1782751954, "views": 6, "formatid": "gen9randombattle", "rating": 2207, "private": 0, "password": null, "player_dets": [{"name": "woopre", "avatar": "#solomodspliii", "rating": 2222, "seed": "sodium,97ca315c6cae5ade17aa6bea22535543"}, {"name": "notmetbh102", "avatar": "2", "rating": 2313, "seed": "sodium,8e497c64b3a90e0b9d2cb56a946b5807"}], "teams_full": [{"Pyroar": {"name": "Pyroar", "species": "Pyroar", "speciesId": "pyroar", "gender": "M", "shiny": false, "level": 88, "moves": ["workup", "darkpulse", "fireblast", "hypervoice"], "ability": "Unnerve", "evs": {"hp": 85, "atk": 0, "def": 85, "spa": 85, "spd": 85, "spe": 85}, "ivs": {"hp": 31, "atk": 0, "def": 31, "spa": 31, "spd": 31, "spe": 31}, "item": "Heavy-Duty Boots", "teraType": "Fire", "role": "Fast Attacker", "bvs": {"hp": 86, "atk": 68, "def": 72, "spa": 109, "spd": 66, "spe": 106}, "stats": {"hp": 295, "atk": 124, "def": 177, "spa": 242, "spd": 166, "spe": 237}, "types": ["Fire", "Normal"]}, "Rampardos": {"name": "Rampardos", "species": "Rampardos", "speciesId": "rampardos", "gender": "M", "shiny": false, "level": 90, "moves": ["zenheadbutt", "rockslide", "firepunch", "earthquake"], "ability": "Sheer Force", "evs": {"hp": 85, "atk": 85, "def": 85, "spa": 85, "spd": 85, "spe": 85}, "ivs": {"hp": 31, "atk": 31, "def": 31, "spa": 31, "spd": 31, "spe": 31}, "item": "Life Orb", "teraType": "Fire", "role": "Wallbreaker", "bvs": {"hp": 97, "atk": 165, "def": 60, "spa": 65, "spd": 50, "spe": 58}, "stats": {"hp": 321, "atk": 348, "def": 159, "spa": 168, "spd": 141, "spe": 156}, "types": ["Rock"]}, "Alcremie": {"name": "Alcremie", "species": "Alcremie-Mint-Cream", "speciesId": "alcremie", "gender": "F", "shiny": false, "level": 90, "moves": ["terablast", "calmmind", "alluringvoice", "recover"], "ability": "Aroma Veil", "evs": {"hp": 85, "atk": 0, "def": 85, "spa": 85, "spd": 85, "spe": 85}, "ivs": {"hp": 31, "atk": 0, "def": 31, "spa": 31, "spd": 31, "spe": 31}, "item": "Leftovers", "teraType": "Ground", "role": "Tera Blast user", "bvs": {"hp": 65, "atk": 60, "def": 75, "spa": 110, "spd": 121, "spe": 64}, "stats": {"hp": 263, "atk": 113, "def": 186, "spa": 249, "spd": 269, "spe": 167}, "types": ["Fairy"]}, "Bronzong": {"name": "Bronzong", "species": "Bronzong", "speciesId": "bronzong", "gender": "N", "shiny": false, "level": 88, "moves": ["stealthrock", "psychic", "earthquake", "ironhead"], "ability": "Levitate", "evs": {"hp": 85, "atk": 85, "def": 85, "spa": 85, "spd": 85, "spe": 85}, "ivs": {"hp": 31, "atk": 31, "def": 31, "spa": 31, "spd": 31, "spe": 31}, "item": "Leftovers", "teraType": "Electric", "role": "Bulky Support", "bvs": {"hp": 67, "atk": 89, "def": 116, "spa": 79, "spd": 116, "spe": 33}, "stats": {"hp": 261, "atk": 207, "def": 254, "spa": 189, "spd": 254, "spe": 108}, "types": ["Steel", "Psychic"]}, "Hatterene": {"name": "Hatterene", "species": "Hatterene", "speciesId": "hatterene", "gender": "F", "shiny": false, "level": 85, "moves": ["mysticalfire", "nuzzle", "drainingkiss", "psychicnoise"], "ability": "Magic Bounce", "evs": {"hp": 85, "atk": 85, "def": 85, "spa": 85, "spd": 85, "spe": 85}, "ivs": {"hp": 31, "atk": 31, "def": 31, "spa": 31, "spd": 31, "spe": 31}, "item": "Assault Vest", "teraType": "Fairy", "role": "AV Pivot", "bvs": {"hp": 57, "atk": 90, "def": 95, "spa": 136, "spd": 103, "spe": 29}, "stats": {"hp": 236, "atk": 202, "def": 210, "spa": 280, "spd": 224, "spe": 98}, "types": ["Psychic", "Fairy"]}, "Tropius": {"name": "Tropius", "species": "Tropius", "speciesId": "tropius", "gender": "F", "shiny": false, "level": 91, "moves": ["protect", "leechseed", "substitute", "airslash"], "ability": "Harvest", "evs": {"hp": 85, "atk": 0, "def": 85, "spa": 85, "spd": 85, "spe": 85}, "ivs": {"hp": 31, "atk": 0, "def": 31, "spa": 31, "spd": 31, "spe": 31}, "item": "Sitrus Berry", "teraType": "Steel", "role": "Bulky Support", "bvs": {"hp": 99, "atk": 68, "def": 83, "spa": 72, "spd": 87, "spe": 51}, "stats": {"hp": 328, "atk": 128, "def": 203, "spa": 183, "spd": 210, "spe": 145}, "types": ["Grass", "Flying"]}}, {"Shaymin": {"name": "Shaymin", "species": "Shaymin", "speciesId": "shaymin", "gender": "N", "shiny": false, "level": 82, "moves": ["synthesis", "seedflare", "earthpower", "airslash"], "ability": "Natural Cure", "evs": {"hp": 85, "atk": 0, "def": 85, "spa": 85, "spd": 85, "spe": 85}, "ivs": {"hp": 31, "atk": 0, "def": 31, "spa": 31, "spd": 31, "spe": 31}, "item": "Leftovers", "teraType": "Steel", "role": "Bulky Attacker", "bvs": {"hp": 100, "atk": 100, "def": 100, "spa": 100, "spd": 100, "spe": 100}, "stats": {"hp": 298, "atk": 169, "def": 211, "spa": 211, "spd": 211, "spe": 211}, "types": ["Grass"]}, "Cyclizar": {"name": "Cyclizar", "species": "Cyclizar", "speciesId": "cyclizar", "gender": "M", "shiny": false, "level": 83, "moves": ["rapidspin", "dracometeor", "shedtail", "taunt"], "ability": "Regenerator", "evs": {"hp": 85, "atk": 85, "def": 85, "spa": 85, "spd": 85, "spe": 85}, "ivs": {"hp": 31, "atk": 31, "def": 31, "spa": 31, "spd": 31, "spe": 31}, "item": "Heavy-Duty Boots", "teraType": "Fairy", "role": "Fast Support", "bvs": {"hp": 70, "atk": 95, "def": 65, "spa": 85, "spd": 65, "spe": 121}, "stats": {"hp": 252, "atk": 205, "def": 156, "spa": 189, "spd": 156, "spe": 249}, "types": ["Dragon", "Normal"]}, "Pikachu": {"name": "Pikachu", "species": "Pikachu-Alola", "speciesId": "pikachu", "gender": "M", "shiny": false, "level": 93, "moves": ["surf", "knockoff", "fakeout", "volttackle"], "ability": "Lightning Rod", "evs": {"hp": 85, "atk": 85, "def": 85, "spa": 85, "spd": 85, "spe": 85}, "ivs": {"hp": 31, "atk": 31, "def": 31, "spa": 31, "spd": 31, "spe": 31}, "item": "Light Ball", "teraType": "Water", "role": "Fast Attacker", "bvs": {"hp": 35, "atk": 55, "def": 40, "spa": 50, "spd": 50, "spe": 90}, "stats": {"hp": 216, "atk": 155, "def": 127, "spa": 146, "spd": 146, "spe": 220}, "types": ["Electric"]}, "Flapple": {"name": "Flapple", "species": "Flapple", "speciesId": "flapple", "gender": "M", "shiny": false, "level": 88, "moves": ["gravapple", "uturn", "suckerpunch", "outrage"], "ability": "Hustle", "evs": {"hp": 85, "atk": 85, "def": 85, "spa": 85, "spd": 85, "spe": 85}, "ivs": {"hp": 31, "atk": 31, "def": 31, "spa": 31, "spd": 31, "spe": 31}, "item": "Choice Band", "teraType": "Steel", "role": "Fast Attacker", "bvs": {"hp": 70, "atk": 110, "def": 80, "spa": 95, "spd": 60, "spe": 70}, "stats": {"hp": 266, "atk": 244, "def": 191, "spa": 217, "spd": 156, "spe": 173}, "types": ["Grass", "Dragon"]}, "Porygon-Z": {"name": "Porygon-Z", "species": "Porygon-Z", "speciesId": "porygonz", "gender": "N", "shiny": false, "level": 83, "moves": ["thunderbolt", "shadowball", "triattack", "trick"], "ability": "Download", "evs": {"hp": 85, "atk": 0, "def": 85, "spa": 85, "spd": 85, "spe": 85}, "ivs": {"hp": 31, "atk": 0, "def": 31, "spa": 31, "spd": 31, "spe": 31}, "item": "Choice Scarf", "teraType": "Electric", "role": "Fast Attacker", "bvs": {"hp": 85, "atk": 80, "def": 70, "spa": 135, "spd": 75, "spe": 90}, "stats": {"hp": 277, "atk": 137, "def": 164, "spa": 272, "spd": 172, "spe": 197}, "types": ["Normal"]}, "Mienshao": {"name": "Mienshao", "species": "Mienshao", "speciesId": "mienshao", "gender": "F", "shiny": false, "level": 83, "moves": ["closecombat", "poisonjab", "knockoff", "swordsdance"], "ability": "Regenerator", "evs": {"hp": 85, "atk": 85, "def": 85, "spa": 85, "spd": 85, "spe": 85}, "ivs": {"hp": 31, "atk": 31, "def": 31, "spa": 31, "spd": 31, "spe": 31}, "item": "Life Orb", "teraType": "Fighting", "role": "Setup Sweeper", "bvs": {"hp": 65, "atk": 125, "def": 60, "spa": 95, "spd": 60, "spe": 105}, "stats": {"hp": 244, "atk": 255, "def": 147, "spa": 205, "spd": 147, "spe": 222}, "types": ["Fighting"]}}]}