{"id": "gen9randombattle-2641644944", "format": "[Gen 9] Random Battle", "players": ["Blooodfooort", "lazatron"], "log": "|j|\u2606Blooodfooort\n|j|\u2606lazatron\n|t:|1782824080\n|gametype|singles\n|player|p1|Blooodfooort|169|2189\n|player|p2|lazatron|170|2213\n|gen|9\n|tier|[Gen 9] Random Battle\n|rated|\n|rule|Species Clause: Limit one of each Pok\u00e9mon\n|rule|HP Percentage Mod: HP is shown in percentages\n|rule|Sleep Clause Mod: Limit one foe put to sleep\n|rule|Illusion Level Mod: Illusion disguises the Pok\u00e9mon's true level\n|\n|t:|1782824080\n|teamsize|p1|6\n|teamsize|p2|6\n|start\n|switch|p1a: Delphox|Delphox, L84, M|263/263\n|switch|p2a: Ludicolo|Ludicolo, L90, F|290/290\n|turn|1\n|\n|t:|1782824105\n|switch|p1a: Tropius|Tropius, L91, F|328/328\n|move|p2a: Ludicolo|Hydro Pump|p1a: Tropius\n|-resisted|p1a: Tropius\n|-damage|p1a: Tropius|244/328\n|\n|upkeep\n|turn|2\n|\n|t:|1782824117\n|switch|p2a: Swanna|Swanna, L89, F|278/278\n|move|p1a: Tropius|Substitute|p1a: Tropius\n|-start|p1a: Tropius|Substitute\n|-damage|p1a: Tropius|162/328\n|-enditem|p1a: Tropius|Sitrus Berry|[eat]\n|-heal|p1a: Tropius|244/328|[from] item: Sitrus Berry\n|\n|upkeep\n|turn|3\n|\n|t:|1782824125\n|move|p2a: Swanna|Brave Bird|p1a: Tropius\n|-supereffective|p1a: Tropius\n|-end|p1a: Tropius|Substitute\n|-damage|p2a: Swanna|251/278|[from] Recoil|[of] p1a: Tropius\n|move|p1a: Tropius|Leech Seed|p2a: Swanna\n|-start|p2a: Swanna|move: Leech Seed\n|\n|-damage|p2a: Swanna|217/278|[from] Leech Seed|[of] p1a: Tropius\n|-heal|p1a: Tropius|278/328|[silent]\n|-item|p1a: Tropius|Sitrus Berry|[from] ability: Harvest\n|upkeep\n|turn|4\n|\n|t:|1782824131\n|switch|p2a: Minun|Minun, L95, F|268/268\n|move|p1a: Tropius|Substitute|p1a: Tropius\n|-start|p1a: Tropius|Substitute\n|-damage|p1a: Tropius|196/328\n|\n|upkeep\n|turn|5\n|\n|t:|1782824135\n|switch|p2a: Arboliva|Arboliva, L91, M|290/290\n|switch|p1a: Ursaring|Ursaring, L84, M|288/288\n|\n|-status|p1a: Ursaring|tox|[from] item: Toxic Orb\n|upkeep\n|turn|6\n|\n|t:|1782824141\n|move|p1a: Ursaring|Facade|p2a: Arboliva\n|-crit|p2a: Arboliva\n|-damage|p2a: Arboliva|32/290\n|-fieldstart|move: Grassy Terrain|[from] ability: Seed Sower|[of] p2a: Arboliva\n|move|p2a: Arboliva|Strength Sap|p1a: Ursaring\n|-unboost|p1a: Ursaring|atk|1\n|-heal|p2a: Arboliva|290/290\n|\n|-damage|p1a: Ursaring|270/288 tox|[from] psn\n|upkeep\n|turn|7\n|\n|t:|1782824147\n|switch|p1a: Tropius|Tropius, L91, F|196/328\n|move|p2a: Arboliva|Energy Ball|p1a: Tropius\n|-resisted|p1a: Tropius\n|-damage|p1a: Tropius|156/328\n|-enditem|p1a: Tropius|Sitrus Berry|[eat]\n|-heal|p1a: Tropius|238/328|[from] item: Sitrus Berry\n|\n|-item|p1a: Tropius|Sitrus Berry|[from] ability: Harvest\n|upkeep\n|turn|8\n|\n|t:|1782824155\n|switch|p2a: Cresselia|Cresselia, L80, F|323/323\n|move|p1a: Tropius|Air Slash|p2a: Cresselia|[miss]\n|-miss|p1a: Tropius|p2a: Cresselia\n|\n|upkeep\n|turn|9\n|\n|t:|1782824162\n|move|p2a: Cresselia|Psyshock|p1a: Tropius\n|-damage|p1a: Tropius|178/328\n|move|p1a: Tropius|Leech Seed|p2a: Cresselia\n|-start|p2a: Cresselia|move: Leech Seed\n|\n|-damage|p2a: Cresselia|283/323|[from] Leech Seed|[of] p1a: Tropius\n|-heal|p1a: Tropius|218/328|[silent]\n|upkeep\n|turn|10\n|\n|t:|1782824166\n|switch|p2a: Arboliva|Arboliva, L91, M|290/290\n|switch|p1a: Ursaring|Ursaring, L84, M|270/288 tox\n|\n|-heal|p1a: Ursaring|288/288 tox|[from] Grassy Terrain\n|-damage|p1a: Ursaring|270/288 tox|[from] psn\n|-fieldend|move: Grassy Terrain\n|upkeep\n|turn|11\n|\n|t:|1782824170\n|switch|p1a: Tropius|Tropius, L91, F|218/328\n|move|p2a: Arboliva|Hyper Voice|p1a: Tropius\n|-damage|p1a: Tropius|88/328\n|-enditem|p1a: Tropius|Sitrus Berry|[eat]\n|-heal|p1a: Tropius|170/328|[from] item: Sitrus Berry\n|\n|upkeep\n|turn|12\n|\n|t:|1782824176\n|move|p1a: Tropius|Air Slash|p2a: Arboliva\n|-supereffective|p2a: Arboliva\n|-damage|p2a: Arboliva|162/290\n|-fieldstart|move: Grassy Terrain|[from] ability: Seed Sower|[of] p2a: Arboliva\n|move|p2a: Arboliva|Hyper Voice|p1a: Tropius\n|-damage|p1a: Tropius|49/328\n|\n|-heal|p2a: Arboliva|180/290|[from] Grassy Terrain\n|-heal|p2a: Arboliva|198/290|[from] item: Leftovers\n|-item|p1a: Tropius|Sitrus Berry|[from] ability: Harvest\n|upkeep\n|-enditem|p1a: Tropius|Sitrus Berry|[eat]\n|-heal|p1a: Tropius|131/328|[from] item: Sitrus Berry\n|turn|13\n|\n|t:|1782824183\n|move|p1a: Tropius|Protect|p1a: Tropius\n|-singleturn|p1a: Tropius|Protect\n|move|p2a: Arboliva|Hyper Voice|p1a: Tropius\n|-activate|p1a: Tropius|move: Protect\n|\n|-heal|p2a: Arboliva|216/290|[from] Grassy Terrain\n|-heal|p2a: Arboliva|234/290|[from] item: Leftovers\n|-item|p1a: Tropius|Sitrus Berry|[from] ability: Harvest\n|upkeep\n|-enditem|p1a: Tropius|Sitrus Berry|[eat]\n|-heal|p1a: Tropius|213/328|[from] item: Sitrus Berry\n|turn|14\n|\n|t:|1782824188\n|move|p1a: Tropius|Air Slash|p2a: Arboliva\n|-supereffective|p2a: Arboliva\n|-damage|p2a: Arboliva|124/290\n|cant|p2a: Arboliva|flinch\n|\n|-heal|p2a: Arboliva|142/290|[from] Grassy Terrain\n|-heal|p2a: Arboliva|160/290|[from] item: Leftovers\n|upkeep\n|turn|15\n|\n|t:|1782824191\n|move|p1a: Tropius|Air Slash|p2a: Arboliva\n|-supereffective|p2a: Arboliva\n|-damage|p2a: Arboliva|44/290\n|move|p2a: Arboliva|Strength Sap|p1a: Tropius\n|-unboost|p1a: Tropius|atk|1\n|-heal|p2a: Arboliva|172/290\n|\n|-heal|p2a: Arboliva|190/290|[from] Grassy Terrain\n|-heal|p2a: Arboliva|208/290|[from] item: Leftovers\n|-item|p1a: Tropius|Sitrus Berry|[from] ability: Harvest\n|upkeep\n|turn|16\n|\n|t:|1782824196\n|switch|p2a: Cresselia|Cresselia, L80, F|283/323\n|move|p1a: Tropius|Air Slash|p2a: Cresselia|[miss]\n|-miss|p1a: Tropius|p2a: Cresselia\n|\n|-heal|p2a: Cresselia|303/323|[from] item: Leftovers\n|-fieldend|move: Grassy Terrain\n|upkeep\n|turn|17\n|\n|t:|1782824199\n|switch|p2a: Arboliva|Arboliva, L91, M|208/290\n|move|p1a: Tropius|Leech Seed|p2a: Arboliva\n|-immune|p2a: Arboliva\n|\n|-heal|p2a: Arboliva|226/290|[from] item: Leftovers\n|upkeep\n|turn|18\n|\n|t:|1782824202\n|switch|p2a: Cresselia|Cresselia, L80, F|303/323\n|move|p1a: Tropius|Air Slash|p2a: Cresselia\n|-damage|p2a: Cresselia|243/323\n|\n|-heal|p2a: Cresselia|263/323|[from] item: Leftovers\n|upkeep\n|turn|19\n|\n|t:|1782824208\n|switch|p1a: Gholdengo|Gholdengo, L77|261/261\n|move|p2a: Cresselia|Calm Mind|p2a: Cresselia\n|-boost|p2a: Cresselia|spa|1\n|-boost|p2a: Cresselia|spd|1\n|\n|-heal|p2a: Cresselia|283/323|[from] item: Leftovers\n|upkeep\n|turn|20\n|\n|t:|1782824214\n|move|p2a: Cresselia|Calm Mind|p2a: Cresselia\n|-boost|p2a: Cresselia|spa|1\n|-boost|p2a: Cresselia|spd|1\n|move|p1a: Gholdengo|Nasty Plot|p1a: Gholdengo\n|-boost|p1a: Gholdengo|spa|2\n|\n|-heal|p2a: Cresselia|303/323|[from] item: Leftovers\n|upkeep\n|turn|21\n|\n|t:|1782824221\n|move|p2a: Cresselia|Calm Mind|p2a: Cresselia\n|-boost|p2a: Cresselia|spa|1\n|-boost|p2a: Cresselia|spd|1\n|move|p1a: Gholdengo|Nasty Plot|p1a: Gholdengo\n|-boost|p1a: Gholdengo|spa|2\n|\n|-heal|p2a: Cresselia|323/323|[from] item: Leftovers\n|upkeep\n|turn|22\n|\n|t:|1782824227\n|-terastallize|p2a: Cresselia|Poison\n|move|p2a: Cresselia|Calm Mind|p2a: Cresselia\n|-boost|p2a: Cresselia|spa|1\n|-boost|p2a: Cresselia|spd|1\n|move|p1a: Gholdengo|Shadow Ball|p2a: Cresselia\n|-damage|p2a: Cresselia|250/323\n|-unboost|p2a: Cresselia|spd|1\n|\n|-heal|p2a: Cresselia|270/323|[from] item: Leftovers\n|upkeep\n|turn|23\n|\n|t:|1782824232\n|move|p2a: Cresselia|Calm Mind|p2a: Cresselia\n|-boost|p2a: Cresselia|spa|1\n|-boost|p2a: Cresselia|spd|1\n|move|p1a: Gholdengo|Nasty Plot|p1a: Gholdengo\n|-boost|p1a: Gholdengo|spa|2\n|\n|-heal|p2a: Cresselia|290/323|[from] item: Leftovers\n|upkeep\n|turn|24\n|\n|t:|1782824236\n|move|p2a: Cresselia|Psyshock|p1a: Gholdengo\n|-resisted|p1a: Gholdengo\n|-damage|p1a: Gholdengo|143/261\n|move|p1a: Gholdengo|Shadow Ball|p2a: Cresselia\n|-damage|p2a: Cresselia|194/323\n|\n|-heal|p2a: Cresselia|214/323|[from] item: Leftovers\n|-heal|p1a: Gholdengo|159/261|[from] item: Leftovers\n|upkeep\n|turn|25\n|\n|t:|1782824240\n|move|p2a: Cresselia|Psyshock|p1a: Gholdengo\n|-resisted|p1a: Gholdengo\n|-damage|p1a: Gholdengo|39/261\n|move|p1a: Gholdengo|Shadow Ball|p2a: Cresselia\n|-damage|p2a: Cresselia|105/323\n|\n|-heal|p2a: Cresselia|125/323|[from] item: Leftovers\n|-heal|p1a: Gholdengo|55/261|[from] item: Leftovers\n|upkeep\n|turn|26\n|\n|t:|1782824245\n|move|p2a: Cresselia|Moonlight|p2a: Cresselia\n|-heal|p2a: Cresselia|286/323\n|move|p1a: Gholdengo|Make It Rain|p2a: Cresselia\n|-damage|p2a: Cresselia|123/323\n|-unboost|p1a: Gholdengo|spa|1\n|\n|-heal|p2a: Cresselia|143/323|[from] item: Leftovers\n|-heal|p1a: Gholdengo|71/261|[from] item: Leftovers\n|upkeep\n|turn|27\n|\n|t:|1782824250\n|move|p2a: Cresselia|Moonlight|p2a: Cresselia\n|-heal|p2a: Cresselia|304/323\n|move|p1a: Gholdengo|Shadow Ball|p2a: Cresselia\n|-damage|p2a: Cresselia|222/323\n|\n|-heal|p2a: Cresselia|242/323|[from] item: Leftovers\n|-heal|p1a: Gholdengo|87/261|[from] item: Leftovers\n|upkeep\n|turn|28\n|\n|t:|1782824253\n|move|p2a: Cresselia|Psyshock|p1a: Gholdengo\n|-resisted|p1a: Gholdengo\n|-damage|p1a: Gholdengo|0 fnt\n|faint|p1a: Gholdengo\n|\n|-heal|p2a: Cresselia|262/323|[from] item: Leftovers\n|upkeep\n|\n|t:|1782824259\n|switch|p1a: Delphox|Delphox, L84, M|263/263\n|turn|29\n|\n|t:|1782824264\n|move|p1a: Delphox|Psyshock|p2a: Cresselia\n|-supereffective|p2a: Cresselia\n|-damage|p2a: Cresselia|82/323\n|move|p2a: Cresselia|Psyshock|p1a: Delphox\n|-resisted|p1a: Delphox\n|-damage|p1a: Delphox|139/263\n|\n|-heal|p2a: Cresselia|102/323|[from] item: Leftovers\n|upkeep\n|turn|30\n|\n|t:|1782824269\n|switch|p2a: Swanna|Swanna, L89, F|217/278\n|move|p1a: Delphox|Psyshock|p2a: Swanna\n|-damage|p2a: Swanna|102/278\n|\n|upkeep\n|turn|31\n|\n|t:|1782824274\n|switch|p1a: Mimikyu|Mimikyu, L79, M|216/216\n|move|p2a: Swanna|Roost|p2a: Swanna\n|-heal|p2a: Swanna|241/278\n|-singleturn|p2a: Swanna|move: Roost\n|\n|upkeep\n|turn|32\n|\n|t:|1782824284\n|move|p2a: Swanna|Brave Bird|p1a: Mimikyu\n|-activate|p1a: Mimikyu|ability: Disguise\n|-damage|p1a: Mimikyu|216/216\n|detailschange|p1a: Mimikyu|Mimikyu-Busted, L79, M\n|-damage|p1a: Mimikyu|189/216|[from] pokemon: Mimikyu-Busted\n|move|p1a: Mimikyu|Swords Dance|p1a: Mimikyu\n|-boost|p1a: Mimikyu|atk|2\n|\n|upkeep\n|turn|33\n|\n|t:|1782824287\n|move|p2a: Swanna|Brave Bird|p1a: Mimikyu\n|-damage|p1a: Mimikyu|50/216\n|-damage|p2a: Swanna|195/278|[from] Recoil\n|move|p1a: Mimikyu|Play Rough|p2a: Swanna\n|-damage|p2a: Swanna|0 fnt\n|faint|p2a: Swanna\n|-damage|p1a: Mimikyu|29/216|[from] item: Life Orb\n|\n|upkeep\n|\n|t:|1782824291\n|switch|p2a: Minun|Minun, L95, F|268/268\n|turn|34\n|\n|t:|1782824293\n|move|p1a: Mimikyu|Shadow Sneak|p2a: Minun\n|-damage|p2a: Minun|142/268\n|-damage|p1a: Mimikyu|8/216|[from] item: Life Orb\n|move|p2a: Minun|Thunderbolt|p1a: Mimikyu\n|-damage|p1a: Mimikyu|0 fnt\n|faint|p1a: Mimikyu\n|-damage|p2a: Minun|116/268|[from] item: Life Orb\n|\n|upkeep\n|\n|t:|1782824302\n|switch|p1a: Tropius|Tropius, L91, F|213/328\n|turn|35\n|\n|t:|1782824305\n|move|p2a: Minun|Nasty Plot|p2a: Minun\n|-boost|p2a: Minun|spa|2\n|move|p1a: Tropius|Leech Seed|p2a: Minun\n|-start|p2a: Minun|move: Leech Seed\n|\n|-damage|p2a: Minun|83/268|[from] Leech Seed|[of] p1a: Tropius\n|-heal|p1a: Tropius|246/328|[silent]\n|upkeep\n|turn|36\n|\n|t:|1782824309\n|switch|p2a: Cresselia|Cresselia, L80, F, tera:Poison|102/323\n|move|p1a: Tropius|Protect||[still]\n|-fail|p1a: Tropius\n|\n|-heal|p2a: Cresselia|122/323|[from] item: Leftovers\n|upkeep\n|turn|37\n|\n|t:|1782824312\n|switch|p1a: Delphox|Delphox, L84, M|139/263\n|move|p2a: Cresselia|Moonlight|p2a: Cresselia\n|-heal|p2a: Cresselia|283/323\n|\n|-heal|p2a: Cresselia|303/323|[from] item: Leftovers\n|upkeep\n|turn|38\n|\n|t:|1782824316\n|switch|p2a: Arboliva|Arboliva, L91, M|226/290\n|move|p1a: Delphox|Psyshock|p2a: Arboliva\n|-damage|p2a: Arboliva|144/290\n|-fieldstart|move: Grassy Terrain|[from] ability: Seed Sower|[of] p2a: Arboliva\n|\n|-heal|p1a: Delphox|155/263|[from] Grassy Terrain\n|-heal|p2a: Arboliva|162/290|[from] Grassy Terrain\n|-heal|p2a: Arboliva|180/290|[from] item: Leftovers\n|upkeep\n|turn|39\n|\n|t:|1782824321\n|switch|p2a: Minun|Minun, L95, F|83/268\n|move|p1a: Delphox|Fire Blast|p2a: Minun\n|-damage|p2a: Minun|0 fnt\n|faint|p2a: Minun\n|\n|-heal|p1a: Delphox|171/263|[from] Grassy Terrain\n|upkeep\n|\n|t:|1782824325\n|switch|p2a: Gallade|Gallade, L80, M|240/240\n|turn|40\n|\n|t:|1782824328\n|switch|p1a: Drednaw|Drednaw, L81, M|278/278\n|move|p2a: Gallade|Night Slash|p1a: Drednaw\n|-crit|p1a: Drednaw\n|-damage|p1a: Drednaw|151/278\n|\n|-heal|p1a: Drednaw|168/278|[from] Grassy Terrain\n|upkeep\n|turn|41\n|\n|t:|1782824333\n|switch|p2a: Ludicolo|Ludicolo, L90, F|290/290\n|-terastallize|p1a: Drednaw|Dark\n|move|p1a: Drednaw|Shell Smash|p1a: Drednaw\n|-unboost|p1a: Drednaw|def|1\n|-unboost|p1a: Drednaw|spd|1\n|-boost|p1a: Drednaw|atk|2\n|-boost|p1a: Drednaw|spa|2\n|-boost|p1a: Drednaw|spe|2\n|-enditem|p1a: Drednaw|White Herb\n|-clearnegativeboost|p1a: Drednaw|[silent]\n|\n|-heal|p1a: Drednaw|185/278|[from] Grassy Terrain\n|upkeep\n|turn|42\n|\n|t:|1782824339\n|move|p1a: Drednaw|Crunch|p2a: Ludicolo\n|-damage|p2a: Ludicolo|0 fnt\n|faint|p2a: Ludicolo\n|\n|-heal|p1a: Drednaw|202/278|[from] Grassy Terrain\n|-fieldend|move: Grassy Terrain\n|upkeep\n|\n|t:|1782824346\n|switch|p2a: Cresselia|Cresselia, L80, F, tera:Poison|303/323\n|turn|43\n|\n|t:|1782824349\n|move|p1a: Drednaw|Crunch|p2a: Cresselia\n|-damage|p2a: Cresselia|63/323\n|move|p2a: Cresselia|Moonblast|p1a: Drednaw\n|-supereffective|p1a: Drednaw\n|-damage|p1a: Drednaw|70/278\n|\n|-heal|p2a: Cresselia|83/323|[from] item: Leftovers\n|upkeep\n|turn|44\n|-message|lazatron forfeited.\n|\n|win|Blooodfooort\n", "inputlog": ">version f8ac14003a5f27e1bdc8d8c59608a773c1cb96e5\n>start {\"formatid\":\"gen9randombattle\",\"seed\":\"sodium,8dae1a8065f92a4d43f975315dbcef52\",\"rated\":\"Rated battle\"}\n>player p1 {\"name\":\"Blooodfooort\",\"avatar\":\"169\",\"rating\":2189,\"seed\":\"sodium,9244f656960fd69fd830b70146e35aa9\"}\n>player p2 {\"name\":\"lazatron\",\"avatar\":\"170\",\"rating\":2213,\"seed\":\"sodium,9fca1ad231da0f8d05929dcbeff99f2b\"}\n>p1 switch 4\n>p2 move hydropump\n>p1 move substitute\n>p2 switch 2\n>p1 move leechseed\n>p2 move bravebird\n>p1 move substitute\n>p2 switch 6\n>p1 switch 5\n>p2 switch 5\n>p1 move facade\n>p2 move strengthsap\n>p1 switch 5\n>p2 move energyball\n>p1 move airslash\n>p2 switch 4\n>p1 move leechseed\n>p2 move psyshock\n>p1 switch 5\n>p2 switch 4\n>p1 switch 5\n>p2 move hypervoice\n>p1 move airslash\n>p2 move hypervoice\n>p1 move protect\n>p2 move hypervoice\n>p1 move airslash\n>p2 move strengthsap\n>p1 move airslash\n>p2 move strengthsap\n>p1 move airslash\n>p2 switch 4\n>p1 move leechseed\n>p2 switch 4\n>p1 move airslash\n>p2 switch 4\n>p1 switch 2\n>p2 move calmmind\n>p1 move nastyplot\n>p2 move calmmind\n>p1 move nastyplot\n>p2 move calmmind\n>p1 move shadowball\n>p2 move calmmind terastallize\n>p1 move nastyplot\n>p2 move calmmind\n>p1 move shadowball\n>p2 move psyshock\n>p1 move shadowball\n>p2 move psyshock\n>p1 move makeitrain\n>p2 move moonlight\n>p1 move shadowball\n>p2 move moonlight\n>p1 move makeitrain\n>p2 move psyshock\n>p1 switch 4\n>p1 move psyshock\n>p2 move psyshock\n>p1 move psyshock\n>p2 switch 6\n>p1 switch 6\n>p2 move roost\n>p1 move swordsdance\n>p2 move bravebird\n>p1 move playrough\n>p2 move bravebird\n>p2 switch 5\n>p1 move shadowsneak\n>p2 move thunderbolt\n>p1 switch 2\n>p1 move leechseed\n>p2 move nastyplot\n>p1 move protect\n>p2 switch 6\n>p1 switch 6\n>p2 move moonlight\n>p1 move psyshock\n>p2 switch 4\n>p1 move fireblast\n>p2 switch 6\n>p2 switch 3\n>p1 switch 3\n>p2 move nightslash\n>p1 move shellsmash terastallize\n>p2 switch 2\n>p1 move crunch\n>p2 move gigadrain\n>p2 switch 4\n>p1 move crunch\n>p2 move moonblast\n>forcelose p2", "uploadtime": 1782824082, "views": 6, "formatid": "gen9randombattle", "rating": null, "private": 0, "password": null, "player_dets": [{"name": "Blooodfooort", "avatar": "169", "rating": 2189, "seed": "sodium,9244f656960fd69fd830b70146e35aa9"}, {"name": "lazatron", "avatar": "170", "rating": 2213, "seed": "sodium,9fca1ad231da0f8d05929dcbeff99f2b"}], "teams_full": [{"Delphox": {"name": "Delphox", "species": "Delphox", "speciesId": "delphox", "gender": "M", "shiny": false, "level": 84, "moves": ["grassknot", "nastyplot", "psyshock", "fireblast"], "ability": "Blaze", "evs": {"hp": 85, "atk": 0, "def": 85, "spa": 85, "spd": 85, "spe": 85}, "ivs": {"hp": 31, "atk": 0, "def": 31, "spa": 31, "spd": 31, "spe": 31}, "item": "Heavy-Duty Boots", "teraType": "Grass", "role": "Fast Attacker", "bvs": {"hp": 75, "atk": 69, "def": 72, "spa": 114, "spd": 100, "spe": 104}, "stats": {"hp": 263, "atk": 120, "def": 169, "spa": 240, "spd": 216, "spe": 223}, "types": ["Fire", "Psychic"]}, "Gholdengo": {"name": "Gholdengo", "species": "Gholdengo", "speciesId": "gholdengo", "gender": "N", "shiny": false, "level": 77, "moves": ["nastyplot", "makeitrain", "focusblast", "shadowball"], "ability": "Good as Gold", "evs": {"hp": 85, "atk": 0, "def": 85, "spa": 85, "spd": 85, "spe": 85}, "ivs": {"hp": 31, "atk": 0, "def": 31, "spa": 31, "spd": 31, "spe": 31}, "item": "Leftovers", "teraType": "Steel", "role": "Bulky Attacker", "bvs": {"hp": 87, "atk": 60, "def": 95, "spa": 133, "spd": 91, "spe": 84}, "stats": {"hp": 261, "atk": 97, "def": 191, "spa": 249, "spd": 185, "spe": 174}, "types": ["Steel", "Ghost"]}, "Drednaw": {"name": "Drednaw", "species": "Drednaw", "speciesId": "drednaw", "gender": "M", "shiny": false, "level": 81, "moves": ["shellsmash", "stoneedge", "crunch", "liquidation"], "ability": "Strong Jaw", "evs": {"hp": 85, "atk": 85, "def": 85, "spa": 85, "spd": 85, "spe": 85}, "ivs": {"hp": 31, "atk": 31, "def": 31, "spa": 31, "spd": 31, "spe": 31}, "item": "White Herb", "teraType": "Dark", "role": "Setup Sweeper", "bvs": {"hp": 90, "atk": 115, "def": 90, "spa": 48, "spd": 68, "spe": 74}, "stats": {"hp": 278, "atk": 233, "def": 192, "spa": 124, "spd": 157, "spe": 167}, "types": ["Water", "Rock"]}, "Tropius": {"name": "Tropius", "species": "Tropius", "speciesId": "tropius", "gender": "F", "shiny": false, "level": 91, "moves": ["protect", "substitute", "airslash", "leechseed"], "ability": "Harvest", "evs": {"hp": 85, "atk": 0, "def": 85, "spa": 85, "spd": 85, "spe": 85}, "ivs": {"hp": 31, "atk": 0, "def": 31, "spa": 31, "spd": 31, "spe": 31}, "item": "Sitrus Berry", "teraType": "Steel", "role": "Bulky Support", "bvs": {"hp": 99, "atk": 68, "def": 83, "spa": 72, "spd": 87, "spe": 51}, "stats": {"hp": 328, "atk": 128, "def": 203, "spa": 183, "spd": 210, "spe": 145}, "types": ["Grass", "Flying"]}, "Ursaring": {"name": "Ursaring", "species": "Ursaring", "speciesId": "ursaring", "gender": "M", "shiny": false, "level": 84, "moves": ["swordsdance", "facade", "closecombat", "crunch"], "ability": "Quick Feet", "evs": {"hp": 85, "atk": 85, "def": 85, "spa": 85, "spd": 85, "spe": 85}, "ivs": {"hp": 31, "atk": 31, "def": 31, "spa": 31, "spd": 31, "spe": 31}, "item": "Toxic Orb", "teraType": "Normal", "role": "Setup Sweeper", "bvs": {"hp": 90, "atk": 130, "def": 75, "spa": 75, "spd": 75, "spe": 55}, "stats": {"hp": 288, "atk": 267, "def": 174, "spa": 174, "spd": 174, "spe": 141}, "types": ["Normal"]}, "Mimikyu": {"name": "Mimikyu", "species": "Mimikyu", "speciesId": "mimikyu", "gender": "M", "shiny": false, "level": 79, "moves": ["swordsdance", "shadowsneak", "playrough", "drainpunch"], "ability": "Disguise", "evs": {"hp": 85, "atk": 85, "def": 85, "spa": 85, "spd": 85, "spe": 85}, "ivs": {"hp": 31, "atk": 31, "def": 31, "spa": 31, "spd": 31, "spe": 31}, "item": "Life Orb", "teraType": "Fighting", "role": "Setup Sweeper", "bvs": {"hp": 55, "atk": 90, "def": 80, "spa": 50, "spd": 105, "spe": 96}, "stats": {"hp": 216, "atk": 188, "def": 172, "spa": 125, "spd": 211, "spe": 197}, "types": ["Ghost", "Fairy"]}}, {"Ludicolo": {"name": "Ludicolo", "species": "Ludicolo", "speciesId": "ludicolo", "gender": "F", "shiny": false, "level": 90, "moves": ["hydropump", "icebeam", "leafstorm", "gigadrain"], "ability": "Swift Swim", "evs": {"hp": 85, "atk": 0, "def": 85, "spa": 85, "spd": 85, "spe": 85}, "ivs": {"hp": 31, "atk": 0, "def": 31, "spa": 31, "spd": 31, "spe": 31}, "item": "Choice Specs", "teraType": "Water", "role": "Fast Attacker", "bvs": {"hp": 80, "atk": 70, "def": 70, "spa": 90, "spd": 100, "spe": 70}, "stats": {"hp": 290, "atk": 131, "def": 177, "spa": 213, "spd": 231, "spe": 177}, "types": ["Water", "Grass"]}, "Swanna": {"name": "Swanna", "species": "Swanna", "speciesId": "swanna", "gender": "F", "shiny": false, "level": 89, "moves": ["hydropump", "roost", "bravebird", "defog"], "ability": "Hydration", "evs": {"hp": 85, "atk": 85, "def": 85, "spa": 85, "spd": 85, "spe": 85}, "ivs": {"hp": 31, "atk": 31, "def": 31, "spa": 31, "spd": 31, "spe": 31}, "item": "Heavy-Duty Boots", "teraType": "Ground", "role": "Bulky Support", "bvs": {"hp": 75, "atk": 87, "def": 63, "spa": 87, "spd": 63, "spe": 98}, "stats": {"hp": 278, "atk": 206, "def": 163, "spa": 206, "spd": 163, "spe": 225}, "types": ["Water", "Flying"]}, "Gallade": {"name": "Gallade", "species": "Gallade", "speciesId": "gallade", "gender": "M", "shiny": false, "level": 80, "moves": ["nightslash", "psychocut", "leafblade", "sacredsword"], "ability": "Sharpness", "evs": {"hp": 85, "atk": 85, "def": 85, "spa": 85, "spd": 85, "spe": 85}, "ivs": {"hp": 31, "atk": 31, "def": 31, "spa": 31, "spd": 31, "spe": 31}, "item": "Choice Scarf", "teraType": "Dark", "role": "Fast Attacker", "bvs": {"hp": 68, "atk": 125, "def": 65, "spa": 65, "spd": 115, "spe": 80}, "stats": {"hp": 240, "atk": 246, "def": 150, "spa": 150, "spd": 230, "spe": 174}, "types": ["Psychic", "Fighting"]}, "Cresselia": {"name": "Cresselia", "species": "Cresselia", "speciesId": "cresselia", "gender": "F", "shiny": false, "level": 80, "moves": ["psyshock", "calmmind", "moonblast", "moonlight"], "ability": "Levitate", "evs": {"hp": 85, "atk": 0, "def": 85, "spa": 85, "spd": 85, "spe": 85}, "ivs": {"hp": 31, "atk": 0, "def": 31, "spa": 31, "spd": 31, "spe": 31}, "item": "Leftovers", "teraType": "Poison", "role": "Bulky Setup", "bvs": {"hp": 120, "atk": 70, "def": 110, "spa": 75, "spd": 120, "spe": 85}, "stats": {"hp": 323, "atk": 117, "def": 222, "spa": 166, "spd": 238, "spe": 182}, "types": ["Psychic"]}, "Arboliva": {"name": "Arboliva", "species": "Arboliva", "speciesId": "arboliva", "gender": "M", "shiny": false, "level": 91, "moves": ["hypervoice", "strengthsap", "earthpower", "energyball"], "ability": "Seed Sower", "evs": {"hp": 85, "atk": 0, "def": 85, "spa": 85, "spd": 85, "spe": 85}, "ivs": {"hp": 31, "atk": 0, "def": 31, "spa": 31, "spd": 31, "spe": 31}, "item": "Leftovers", "teraType": "Ground", "role": "Bulky Attacker", "bvs": {"hp": 78, "atk": 69, "def": 90, "spa": 125, "spd": 109, "spe": 39}, "stats": {"hp": 290, "atk": 130, "def": 216, "spa": 279, "spd": 250, "spe": 123}, "types": ["Grass", "Normal"]}, "Minun": {"name": "Minun", "species": "Minun", "speciesId": "minun", "gender": "F", "shiny": false, "level": 95, "moves": ["thunderbolt", "alluringvoice", "grassknot", "nastyplot"], "ability": "Volt Absorb", "evs": {"hp": 85, "atk": 0, "def": 85, "spa": 85, "spd": 85, "spe": 85}, "ivs": {"hp": 31, "atk": 0, "def": 31, "spa": 31, "spd": 31, "spe": 31}, "item": "Life Orb", "teraType": "Grass", "role": "Setup Sweeper", "bvs": {"hp": 60, "atk": 40, "def": 50, "spa": 75, "spd": 85, "spe": 95}, "stats": {"hp": 268, "atk": 81, "def": 149, "spa": 196, "spd": 215, "spe": 234}, "types": ["Electric"]}}]}