{"id": "gen9randombattle-2641477050", "format": "[Gen 9] Random Battle", "players": ["chiefbeef1234", "milkreo"], "log": "|badge|p2|silver|gen9randombattle|30-9\n|html|<div class=\"broadcast-red\"><strong>This battle is required to be public due to one or more player having a season medal.</strong><br />During the public phase, you can discuss the state of the ladder <a href=\"/seasondiscussion\">in a special chatroom.</a></div>\n|uhtml|medal-msg|<div class=\"broadcast-blue\">Curious what those medals under the avatar are? PS now has Ladder Seasons! For more information, check out the <a href=\"https://www.smogon.com/forums/threads/3740067/\">thread on Smogon.</a></div>\n|raw|<div class=\"broadcast-blue\"><strong>This battle is required to be public due to a player having a name starting with 'medal'.</div>\n|j|\u2606chiefbeef1234\n|j|\u2606milkreo\n|t:|1782790945\n|gametype|singles\n|player|p1|chiefbeef1234|shadowtriad|2218\n|player|p2|milkreo|265|2424\n|gen|9\n|tier|[Gen 9] Random Battle\n|rated|\n|rule|Species Clause: Limit one of each Pok\u00e9mon\n|rule|HP Percentage Mod: HP is shown in percentages\n|rule|Sleep Clause Mod: Limit one foe put to sleep\n|rule|Illusion Level Mod: Illusion disguises the Pok\u00e9mon's true level\n|\n|t:|1782790945\n|teamsize|p1|6\n|teamsize|p2|6\n|start\n|switch|p1a: Victreebel|Victreebel, L90, M|290/290\n|switch|p2a: Carbink|Carbink, L90|236/236\n|turn|1\n|inactive|Battle timer is ON: inactive players will automatically lose when time's up. (requested by chiefbeef1234)\n|\n|t:|1782790958\n|switch|p2a: Salazzle|Salazzle, L83, F|249/249\n|move|p1a: Victreebel|Power Whip|p2a: Salazzle\n|-resisted|p2a: Salazzle\n|-damage|p2a: Salazzle|178/249\n|-damage|p1a: Victreebel|261/290|[from] item: Life Orb\n|\n|-heal|p2a: Salazzle|193/249|[from] item: Leftovers\n|upkeep\n|turn|2\n|\n|t:|1782790969\n|switch|p1a: Braviary|Braviary-Hisui, L85, M|326/326\n|move|p2a: Salazzle|Flamethrower|p1a: Braviary\n|-damage|p1a: Braviary|203/326\n|\n|-heal|p2a: Salazzle|208/249|[from] item: Leftovers\n|upkeep\n|turn|3\n|\n|t:|1782790974\n|move|p2a: Salazzle|Protect|p2a: Salazzle\n|-singleturn|p2a: Salazzle|Protect\n|move|p1a: Braviary|Esper Wing|p2a: Salazzle\n|-activate|p2a: Salazzle|move: Protect\n|\n|-heal|p2a: Salazzle|223/249|[from] item: Leftovers\n|upkeep\n|turn|4\n|\n|t:|1782790977\n|switch|p2a: Slowking|Slowking-Galar, L85, M|300/300\n|move|p1a: Braviary|Esper Wing|p2a: Slowking\n|-damage|p2a: Slowking|216/300\n|-boost|p1a: Braviary|spe|1\n|\n|-heal|p2a: Slowking|234/300|[from] item: Leftovers\n|upkeep\n|turn|5\n|\n|t:|1782790984\n|switch|p1a: Heatran|Heatran, L79, M|273/273\n|-item|p1a: Heatran|Air Balloon\n|move|p2a: Slowking|Toxic Spikes|p1a: Heatran\n|-sidestart|p1: chiefbeef1234|move: Toxic Spikes\n|\n|-heal|p2a: Slowking|252/300|[from] item: Leftovers\n|upkeep\n|turn|6\n|\n|t:|1782790993\n|move|p1a: Heatran|Stealth Rock|p2a: Slowking\n|-sidestart|p2: milkreo|move: Stealth Rock\n|move|p2a: Slowking|Psychic Noise|p1a: Heatran\n|-resisted|p1a: Heatran\n|-crit|p1a: Heatran\n|-damage|p1a: Heatran|210/273\n|-start|p1a: Heatran|move: Heal Block\n|-enditem|p1a: Heatran|Air Balloon\n|\n|-heal|p2a: Slowking|270/300|[from] item: Leftovers\n|upkeep\n|turn|7\n|\n|t:|1782791000\n|switch|p2a: Toedscruel|Toedscruel, L87, F|281/281\n|-damage|p2a: Toedscruel|264/281|[from] Stealth Rock\n|move|p1a: Heatran|Heavy Slam|p2a: Toedscruel\n|-damage|p2a: Toedscruel|140/281\n|\n|-heal|p2a: Toedscruel|157/281|[from] item: Leftovers\n|-end|p1a: Heatran|move: Heal Block\n|upkeep\n|turn|8\n|\n|t:|1782791006\n|switch|p1a: Braviary|Braviary-Hisui, L85, M|203/326\n|move|p2a: Toedscruel|Rapid Spin|p1a: Braviary\n|-damage|p1a: Braviary|167/326\n|-boost|p2a: Toedscruel|spe|1\n|-sideend|p2: milkreo|Stealth Rock|[from] move: Rapid Spin|[of] p2a: Toedscruel\n|\n|-heal|p2a: Toedscruel|174/281|[from] item: Leftovers\n|upkeep\n|turn|9\n|\n|t:|1782791016\n|switch|p2a: Chansey|Chansey, L85, F|564/564\n|move|p1a: Braviary|Defog|p2a: Chansey\n|-unboost|p2a: Chansey|evasion|1\n|-sideend|p1: chiefbeef1234|Toxic Spikes|[from] move: Defog|[of] p1a: Braviary\n|\n|upkeep\n|turn|10\n|\n|t:|1782791025\n|switch|p1a: Heatran|Heatran, L79, M|210/273\n|move|p2a: Chansey|Thunder Wave|p1a: Heatran\n|-status|p1a: Heatran|par\n|\n|upkeep\n|turn|11\n|\n|t:|1782791028\n|move|p2a: Chansey|Seismic Toss|p1a: Heatran\n|-damage|p1a: Heatran|125/273 par\n|move|p1a: Heatran|Stealth Rock|p2a: Chansey\n|-sidestart|p2: milkreo|move: Stealth Rock\n|\n|upkeep\n|turn|12\n|\n|t:|1782791032\n|switch|p1a: Victreebel|Victreebel, L90, M|261/290\n|move|p2a: Chansey|Seismic Toss|p1a: Victreebel\n|-damage|p1a: Victreebel|176/290\n|\n|upkeep\n|turn|13\n|inactive|milkreo has 120 seconds left.\n|inactive|milkreo has 90 seconds left.\n|\n|t:|1782791096\n|switch|p2a: Salazzle|Salazzle, L83, F|223/249\n|-damage|p2a: Salazzle|161/249|[from] Stealth Rock\n|move|p1a: Victreebel|Power Whip|p2a: Salazzle\n|-resisted|p2a: Salazzle\n|-damage|p2a: Salazzle|95/249\n|-damage|p1a: Victreebel|147/290|[from] item: Life Orb\n|\n|-heal|p2a: Salazzle|110/249|[from] item: Leftovers\n|upkeep\n|turn|14\n|inactive|milkreo has 90 seconds left.\n|\n|t:|1782791109\n|move|p2a: Salazzle|Protect|p2a: Salazzle\n|-singleturn|p2a: Salazzle|Protect\n|move|p1a: Victreebel|Power Whip|p2a: Salazzle\n|-activate|p2a: Salazzle|move: Protect\n|\n|-heal|p2a: Salazzle|125/249|[from] item: Leftovers\n|upkeep\n|turn|15\n|\n|t:|1782791114\n|switch|p1a: Heatran|Heatran, L79, M|125/273 par\n|move|p2a: Salazzle|Flamethrower|p1a: Heatran\n|-start|p1a: Heatran|ability: Flash Fire\n|\n|-heal|p2a: Salazzle|140/249|[from] item: Leftovers\n|upkeep\n|turn|16\n|\n|t:|1782791124\n|switch|p2a: Chansey|Chansey, L85, F|564/564\n|-damage|p2a: Chansey|494/564|[from] Stealth Rock\n|move|p1a: Heatran|Lava Plume|p2a: Chansey\n|-damage|p2a: Chansey|410/564\n|\n|upkeep\n|turn|17\n|\n|t:|1782791135\n|-end|p1a: Heatran|ability: Flash Fire|[silent]\n|switch|p1a: Bellibolt|Bellibolt, L84, M|320/320\n|move|p2a: Chansey|Seismic Toss|p1a: Bellibolt\n|-damage|p1a: Bellibolt|235/320\n|-start|p1a: Bellibolt|Charge|Seismic Toss|[from] ability: Electromorphosis\n|\n|-heal|p1a: Bellibolt|255/320|[from] item: Leftovers\n|upkeep\n|turn|18\n|\n|t:|1782791146\n|switch|p2a: Toedscruel|Toedscruel, L87, F|174/281\n|-damage|p2a: Toedscruel|157/281|[from] Stealth Rock\n|switch|p1a: Venusaur|Venusaur, L84, F|272/272\n|\n|-heal|p2a: Toedscruel|174/281|[from] item: Leftovers\n|upkeep\n|turn|19\n|\n|t:|1782791151\n|move|p2a: Toedscruel|Rapid Spin|p1a: Venusaur\n|-damage|p1a: Venusaur|240/272\n|-boost|p2a: Toedscruel|spe|1\n|-sideend|p2: milkreo|Stealth Rock|[from] move: Rapid Spin|[of] p2a: Toedscruel\n|move|p1a: Venusaur|Sludge Bomb|p2a: Toedscruel\n|-damage|p2a: Toedscruel|101/281\n|\n|-heal|p2a: Toedscruel|118/281|[from] item: Leftovers\n|-heal|p1a: Venusaur|257/272|[from] item: Leftovers\n|upkeep\n|turn|20\n|\n|t:|1782791168\n|switch|p2a: Chansey|Chansey, L85, F|410/564\n|move|p1a: Venusaur|Leech Seed|p2a: Chansey\n|-start|p2a: Chansey|move: Leech Seed\n|\n|-heal|p1a: Venusaur|272/272|[from] item: Leftovers\n|-damage|p2a: Chansey|340/564|[from] Leech Seed|[of] p1a: Venusaur\n|upkeep\n|turn|21\n|\n|t:|1782791173\n|move|p1a: Venusaur|Substitute|p1a: Venusaur\n|-start|p1a: Venusaur|Substitute\n|-damage|p1a: Venusaur|204/272\n|move|p2a: Chansey|Soft-Boiled|p2a: Chansey\n|-heal|p2a: Chansey|564/564\n|\n|-heal|p1a: Venusaur|221/272|[from] item: Leftovers\n|-damage|p2a: Chansey|494/564|[from] Leech Seed|[of] p1a: Venusaur\n|-heal|p1a: Venusaur|272/272|[silent]\n|upkeep\n|turn|22\n|\n|t:|1782791176\n|switch|p2a: Slowking|Slowking-Galar, L85, M|300/300\n|move|p1a: Venusaur|Sludge Bomb|p2a: Slowking\n|-resisted|p2a: Slowking\n|-damage|p2a: Slowking|256/300\n|\n|-heal|p2a: Slowking|274/300|[from] item: Leftovers\n|upkeep\n|turn|23\n|\n|t:|1782791186\n|switch|p1a: Iron Crown|Iron Crown, L78|268/268\n|move|p2a: Slowking|Psychic Noise|p1a: Iron Crown\n|-resisted|p1a: Iron Crown\n|-damage|p1a: Iron Crown|249/268\n|-start|p1a: Iron Crown|move: Heal Block\n|\n|-heal|p2a: Slowking|292/300|[from] item: Leftovers\n|upkeep\n|turn|24\n|\n|t:|1782791196\n|switch|p2a: Toedscruel|Toedscruel, L87, F|118/281\n|move|p1a: Iron Crown|Calm Mind|p1a: Iron Crown\n|-boost|p1a: Iron Crown|spa|1\n|-boost|p1a: Iron Crown|spd|1\n|\n|-heal|p2a: Toedscruel|135/281|[from] item: Leftovers\n|-end|p1a: Iron Crown|move: Heal Block\n|upkeep\n|turn|25\n|\n|t:|1782791201\n|move|p2a: Toedscruel|Earth Power|p1a: Iron Crown\n|-supereffective|p1a: Iron Crown\n|-damage|p1a: Iron Crown|147/268\n|move|p1a: Iron Crown|Psyshock|p2a: Toedscruel\n|-damage|p2a: Toedscruel|0 fnt\n|faint|p2a: Toedscruel\n|\n|-heal|p1a: Iron Crown|163/268|[from] item: Leftovers\n|upkeep\n|\n|t:|1782791219\n|switch|p2a: Salazzle|Salazzle, L83, F|140/249\n|turn|26\n|\n|t:|1782791224\n|-end|p1a: Iron Crown|Quark Drive|[silent]\n|switch|p1a: Heatran|Heatran, L79, M|125/273 par\n|move|p2a: Salazzle|Flamethrower|p1a: Heatran\n|-start|p1a: Heatran|ability: Flash Fire\n|\n|-heal|p2a: Salazzle|155/249|[from] item: Leftovers\n|upkeep\n|turn|27\n|\n|t:|1782791235\n|switch|p2a: Kingdra|Kingdra, L84, F|263/263\n|move|p1a: Heatran|Stealth Rock|p2a: Kingdra\n|-sidestart|p2: milkreo|move: Stealth Rock\n|\n|upkeep\n|turn|28\n|\n|t:|1782791238\n|-end|p1a: Heatran|ability: Flash Fire|[silent]\n|switch|p1a: Bellibolt|Bellibolt, L84, M|255/320\n|move|p2a: Kingdra|Dragon Dance|p2a: Kingdra\n|-boost|p2a: Kingdra|atk|1\n|-boost|p2a: Kingdra|spe|1\n|\n|-heal|p1a: Bellibolt|275/320|[from] item: Leftovers\n|upkeep\n|turn|29\n|\n|t:|1782791252\n|move|p2a: Kingdra|Outrage|p1a: Bellibolt\n|-damage|p1a: Bellibolt|104/320\n|-start|p1a: Bellibolt|Charge|Outrage|[from] ability: Electromorphosis\n|move|p1a: Bellibolt|Thunderbolt|p2a: Kingdra\n|-damage|p2a: Kingdra|92/263\n|-end|p1a: Bellibolt|Charge|[silent]\n|\n|-heal|p1a: Bellibolt|124/320|[from] item: Leftovers\n|upkeep\n|turn|30\n|\n|t:|1782791260\n|move|p2a: Kingdra|Outrage|p1a: Bellibolt|[from] lockedmove\n|-damage|p1a: Bellibolt|0 fnt\n|faint|p1a: Bellibolt\n|\n|upkeep\n|\n|t:|1782791268\n|switch|p1a: Venusaur|Venusaur, L84, F|272/272\n|turn|31\n|\n|t:|1782791269\n|move|p2a: Kingdra|Outrage|p1a: Venusaur|[from] lockedmove\n|-damage|p1a: Venusaur|73/272\n|-start|p2a: Kingdra|confusion|[fatigue]\n|-enditem|p2a: Kingdra|Lum Berry|[eat]\n|-end|p2a: Kingdra|confusion\n|move|p1a: Venusaur|Sludge Bomb|p2a: Kingdra\n|-damage|p2a: Kingdra|5/263\n|\n|-heal|p1a: Venusaur|90/272|[from] item: Leftovers\n|upkeep\n|turn|32\n|\n|t:|1782791279\n|move|p2a: Kingdra|Outrage|p1a: Venusaur\n|-damage|p1a: Venusaur|0 fnt\n|faint|p1a: Venusaur\n|\n|upkeep\n|\n|t:|1782791282\n|switch|p1a: Iron Crown|Iron Crown, L78|163/268\n|turn|33\n|\n|t:|1782791285\n|move|p2a: Kingdra|Outrage|p1a: Iron Crown|[from] lockedmove\n|-resisted|p1a: Iron Crown\n|-damage|p1a: Iron Crown|79/268\n|move|p1a: Iron Crown|Psyshock|p2a: Kingdra\n|-damage|p2a: Kingdra|0 fnt\n|faint|p2a: Kingdra\n|\n|-heal|p1a: Iron Crown|95/268|[from] item: Leftovers\n|upkeep\n|\n|t:|1782791296\n|switch|p2a: Salazzle|Salazzle, L83, F|155/249\n|-damage|p2a: Salazzle|93/249|[from] Stealth Rock\n|turn|34\n|\n|t:|1782791302\n|-end|p1a: Iron Crown|Quark Drive|[silent]\n|switch|p1a: Heatran|Heatran, L79, M|125/273 par\n|move|p2a: Salazzle|Flamethrower|p1a: Heatran\n|-start|p1a: Heatran|ability: Flash Fire\n|\n|-heal|p2a: Salazzle|108/249|[from] item: Leftovers\n|upkeep\n|turn|35\n|\n|t:|1782791309\n|switch|p2a: Chansey|Chansey, L85, F|494/564\n|-damage|p2a: Chansey|424/564|[from] Stealth Rock\n|move|p1a: Heatran|Heavy Slam|p2a: Chansey\n|-damage|p2a: Chansey|195/564\n|\n|upkeep\n|turn|36\n|\n|t:|1782791314\n|-end|p1a: Heatran|ability: Flash Fire|[silent]\n|switch|p1a: Victreebel|Victreebel, L90, M|147/290\n|move|p2a: Chansey|Soft-Boiled|p2a: Chansey\n|-heal|p2a: Chansey|477/564\n|\n|upkeep\n|turn|37\n|inactive|milkreo has 120 seconds left.\n|\n|t:|1782791345\n|switch|p2a: Slowking|Slowking-Galar, L85, M|300/300\n|-damage|p2a: Slowking|263/300|[from] Stealth Rock\n|move|p1a: Victreebel|Power Whip|p2a: Slowking\n|-resisted|p2a: Slowking\n|-damage|p2a: Slowking|162/300\n|-damage|p1a: Victreebel|118/290|[from] item: Life Orb\n|\n|-heal|p2a: Slowking|180/300|[from] item: Leftovers\n|upkeep\n|turn|38\n|\n|t:|1782791352\n|switch|p1a: Iron Crown|Iron Crown, L78|95/268\n|move|p2a: Slowking|Slack Off|p2a: Slowking\n|-heal|p2a: Slowking|300/300\n|\n|-heal|p1a: Iron Crown|111/268|[from] item: Leftovers\n|upkeep\n|turn|39\n|inactive|milkreo has 120 seconds left.\n|\n|t:|1782791381\n|switch|p2a: Salazzle|Salazzle, L83, F|108/249\n|-damage|p2a: Salazzle|46/249|[from] Stealth Rock\n|move|p1a: Iron Crown|Calm Mind|p1a: Iron Crown\n|-boost|p1a: Iron Crown|spa|1\n|-boost|p1a: Iron Crown|spd|1\n|\n|-heal|p2a: Salazzle|61/249|[from] item: Leftovers\n|-heal|p1a: Iron Crown|127/268|[from] item: Leftovers\n|upkeep\n|turn|40\n|inactive|milkreo has 120 seconds left.\n|\n|t:|1782791392\n|switch|p2a: Chansey|Chansey, L85, F|477/564\n|-damage|p2a: Chansey|407/564|[from] Stealth Rock\n|-end|p1a: Iron Crown|Quark Drive|[silent]\n|switch|p1a: Heatran|Heatran, L79, M|125/273 par\n|\n|upkeep\n|turn|41\n|\n|t:|1782791399\n|switch|p1a: Victreebel|Victreebel, L90, M|118/290\n|move|p2a: Chansey|Seismic Toss|p1a: Victreebel\n|-damage|p1a: Victreebel|33/290\n|\n|upkeep\n|turn|42\n|\n|t:|1782791411\n|switch|p2a: Slowking|Slowking-Galar, L85, M|300/300\n|-damage|p2a: Slowking|263/300|[from] Stealth Rock\n|move|p1a: Victreebel|Power Whip|p2a: Slowking|[miss]\n|-miss|p1a: Victreebel|p2a: Slowking\n|\n|-heal|p2a: Slowking|281/300|[from] item: Leftovers\n|upkeep\n|turn|43\n|\n|t:|1782791418\n|move|p1a: Victreebel|Power Whip|p2a: Slowking\n|-resisted|p2a: Slowking\n|-crit|p2a: Slowking\n|-damage|p2a: Slowking|122/300\n|-damage|p1a: Victreebel|4/290|[from] item: Life Orb\n|move|p2a: Slowking|Psychic Noise|p1a: Victreebel\n|-supereffective|p1a: Victreebel\n|-damage|p1a: Victreebel|0 fnt\n|faint|p1a: Victreebel\n|\n|-heal|p2a: Slowking|140/300|[from] item: Leftovers\n|upkeep\n|\n|t:|1782791421\n|switch|p1a: Iron Crown|Iron Crown, L78|127/268\n|turn|44\n|\n|t:|1782791428\n|move|p1a: Iron Crown|Calm Mind|p1a: Iron Crown\n|-boost|p1a: Iron Crown|spa|1\n|-boost|p1a: Iron Crown|spd|1\n|move|p2a: Slowking|Psychic Noise|p1a: Iron Crown\n|-resisted|p1a: Iron Crown\n|-damage|p1a: Iron Crown|114/268\n|-start|p1a: Iron Crown|move: Heal Block\n|\n|-heal|p2a: Slowking|158/300|[from] item: Leftovers\n|upkeep\n|turn|45\n|\n|t:|1782791433\n|move|p1a: Iron Crown|Calm Mind|p1a: Iron Crown\n|-boost|p1a: Iron Crown|spa|1\n|-boost|p1a: Iron Crown|spd|1\n|move|p2a: Slowking|Psychic Noise|p1a: Iron Crown\n|-resisted|p1a: Iron Crown\n|-damage|p1a: Iron Crown|103/268\n|\n|-heal|p2a: Slowking|176/300|[from] item: Leftovers\n|-end|p1a: Iron Crown|move: Heal Block\n|upkeep\n|turn|46\n|\n|t:|1782791438\n|move|p1a: Iron Crown|Calm Mind|p1a: Iron Crown\n|-boost|p1a: Iron Crown|spa|1\n|-boost|p1a: Iron Crown|spd|1\n|move|p2a: Slowking|Psychic Noise|p1a: Iron Crown\n|-resisted|p1a: Iron Crown\n|-damage|p1a: Iron Crown|95/268\n|-start|p1a: Iron Crown|move: Heal Block\n|\n|-heal|p2a: Slowking|194/300|[from] item: Leftovers\n|upkeep\n|turn|47\n|\n|t:|1782791444\n|move|p1a: Iron Crown|Calm Mind|p1a: Iron Crown\n|-boost|p1a: Iron Crown|spa|1\n|-boost|p1a: Iron Crown|spd|1\n|move|p2a: Slowking|Psychic Noise|p1a: Iron Crown\n|-resisted|p1a: Iron Crown\n|-damage|p1a: Iron Crown|89/268\n|\n|-heal|p2a: Slowking|212/300|[from] item: Leftovers\n|-end|p1a: Iron Crown|move: Heal Block\n|upkeep\n|turn|48\n|\n|t:|1782791447\n|move|p1a: Iron Crown|Calm Mind|p1a: Iron Crown\n|-boost|p1a: Iron Crown|spa|1\n|-boost|p1a: Iron Crown|spd|1\n|move|p2a: Slowking|Psychic Noise|p1a: Iron Crown\n|-resisted|p1a: Iron Crown\n|-damage|p1a: Iron Crown|82/268\n|-start|p1a: Iron Crown|move: Heal Block\n|\n|-heal|p2a: Slowking|230/300|[from] item: Leftovers\n|upkeep\n|turn|49\n|\n|t:|1782791450\n|move|p1a: Iron Crown|Calm Mind|p1a: Iron Crown\n|-boost|p1a: Iron Crown|spa|1\n|-boost|p1a: Iron Crown|spd|1\n|move|p2a: Slowking|Psychic Noise|p1a: Iron Crown\n|-resisted|p1a: Iron Crown\n|-damage|p1a: Iron Crown|78/268\n|\n|-heal|p2a: Slowking|248/300|[from] item: Leftovers\n|-end|p1a: Iron Crown|move: Heal Block\n|upkeep\n|turn|50\n|\n|t:|1782791453\n|move|p1a: Iron Crown|Tachyon Cutter|p2a: Slowking\n|-damage|p2a: Slowking|76/300\n|-damage|p2a: Slowking|0 fnt\n|faint|p2a: Slowking\n|-hitcount|p2: Slowking|2\n|\n|-heal|p1a: Iron Crown|94/268|[from] item: Leftovers\n|upkeep\n|\n|t:|1782791455\n|switch|p2a: Salazzle|Salazzle, L83, F|61/249\n|-damage|p2a: Salazzle|0 fnt|[from] Stealth Rock\n|faint|p2a: Salazzle\n|\n|t:|1782791457\n|switch|p2a: Chansey|Chansey, L85, F|407/564\n|-damage|p2a: Chansey|337/564|[from] Stealth Rock\n|turn|51\n|\n|t:|1782791459\n|move|p1a: Iron Crown|Psyshock|p2a: Chansey\n|-damage|p2a: Chansey|0 fnt\n|faint|p2a: Chansey\n|\n|-heal|p1a: Iron Crown|110/268|[from] item: Leftovers\n|upkeep\n|\n|t:|1782791461\n|switch|p2a: Carbink|Carbink, L90|236/236\n|-damage|p2a: Carbink|207/236|[from] Stealth Rock\n|turn|52\n|\n|t:|1782791462\n|move|p1a: Iron Crown|Tachyon Cutter|p2a: Carbink\n|-supereffective|p2a: Carbink\n|-damage|p2a: Carbink|0 fnt\n|faint|p2a: Carbink\n|-hitcount|p2: Carbink|1\n|\n|win|chiefbeef1234\n", "inputlog": ">version f8ac14003a5f27e1bdc8d8c59608a773c1cb96e5\n>start {\"formatid\":\"gen9randombattle\",\"seed\":\"sodium,1836b933c79dce996e514331e9bb2c2d\",\"rated\":\"Rated battle\"}\n>player p1 {\"name\":\"chiefbeef1234\",\"avatar\":\"shadowtriad\",\"rating\":2218,\"seed\":\"sodium,2315b2765c7ac5b955d771792fb09567\"}\n>player p2 {\"name\":\"milkreo\",\"avatar\":\"265\",\"rating\":2424,\"seed\":\"sodium,f13a39676c9c45058f03faf2fa11b05d\"}\n>p1 move powerwhip\n>p2 switch 6\n>p1 switch 3\n>p2 move flamethrower\n>p1 move esperwing\n>p2 move protect\n>p1 move esperwing\n>p2 switch 3\n>p1 switch 5\n>p2 move toxicspikes\n>p1 move stealthrock\n>p2 move psychicnoise\n>p1 move heavyslam\n>p2 switch 5\n>p1 switch 5\n>p2 move rapidspin\n>p1 move defog\n>p2 switch 2\n>p1 switch 5\n>p2 move thunderwave\n>p1 move stealthrock\n>p2 move seismictoss\n>p1 switch 3\n>p2 move seismictoss\n>p1 move powerwhip\n>p2 switch 3\n>p1 move powerwhip\n>p2 move protect\n>p1 switch 3\n>p2 move flamethrower\n>p1 move lavaplume\n>p2 switch 3\n>p1 switch 6\n>p2 move seismictoss\n>p1 switch 4\n>p2 switch 2\n>p1 move sludgebomb\n>p2 move rapidspin\n>p1 move leechseed\n>p2 switch 2\n>p1 move substitute\n>p2 move softboiled\n>p1 move sludgebomb\n>p2 switch 5\n>p1 switch 2\n>p2 move psychicnoise\n>p1 move calmmind\n>p2 switch 2\n>p1 move psyshock\n>p2 move earthpower\n>p2 switch 3\n>p1 switch 6\n>p2 move flamethrower\n>p1 move stealthrock\n>p2 switch 4\n>p1 switch 4\n>p2 move dragondance\n>p1 move thunderbolt\n>p2 move outrage\n>p1 move thunderbolt\n>p2 move outrage\n>p1 switch 2\n>p1 move sludgebomb\n>p2 move outrage\n>p1 move sludgebomb\n>p2 move outrage\n>p1 switch 6\n>p1 move psyshock\n>p2 move outrage\n>p2 switch 4\n>p1 switch 4\n>p2 move flamethrower\n>p1 move heavyslam\n>p2 switch 5\n>p1 switch 3\n>p2 move softboiled\n>p1 move powerwhip\n>p2 switch 2\n>p1 switch 4\n>p2 move slackoff\n>p1 move calmmind\n>p2 switch 5\n>p1 switch 3\n>p2 switch 2\n>p1 switch 4\n>p2 move seismictoss\n>p1 move powerwhip\n>p2 switch 5\n>p1 move powerwhip\n>p2 move psychicnoise\n>p1 switch 3\n>p1 move calmmind\n>p2 move psychicnoise\n>p1 move calmmind\n>p2 move psychicnoise\n>p1 move calmmind\n>p2 move psychicnoise\n>p1 move calmmind\n>p2 move psychicnoise\n>p1 move calmmind\n>p2 move psychicnoise\n>p1 move calmmind\n>p2 move psychicnoise\n>p1 move tachyoncutter\n>p2 move psychicnoise\n>p2 switch 2\n>p2 switch 5\n>p1 move psyshock\n>p2 move seismictoss\n>p2 switch 6\n>p1 move tachyoncutter\n>p2 move bodypress", "uploadtime": 1782790948, "views": 8, "formatid": "gen9randombattle", "rating": null, "private": 0, "password": null, "player_dets": [{"name": "chiefbeef1234", "avatar": "shadowtriad", "rating": 2218, "seed": "sodium,2315b2765c7ac5b955d771792fb09567"}, {"name": "milkreo", "avatar": "265", "rating": 2424, "seed": "sodium,f13a39676c9c45058f03faf2fa11b05d"}], "teams_full": [{"Victreebel": {"name": "Victreebel", "species": "Victreebel", "speciesId": "victreebel", "gender": "M", "shiny": false, "level": 90, "moves": ["powerwhip", "sludgewave", "weatherball", "sunnyday"], "ability": "Chlorophyll", "evs": {"hp": 85, "atk": 85, "def": 85, "spa": 85, "spd": 85, "spe": 85}, "ivs": {"hp": 31, "atk": 31, "def": 31, "spa": 31, "spd": 31, "spe": 31}, "item": "Life Orb", "teraType": "Fire", "role": "Fast Attacker", "bvs": {"hp": 80, "atk": 105, "def": 65, "spa": 100, "spd": 70, "spe": 70}, "stats": {"hp": 290, "atk": 240, "def": 168, "spa": 231, "spd": 177, "spe": 177}, "types": ["Grass", "Poison"]}, "Iron Crown": {"name": "Iron Crown", "species": "Iron Crown", "speciesId": "ironcrown", "gender": "N", "shiny": false, "level": 78, "moves": ["tachyoncutter", "psyshock", "calmmind", "focusblast"], "ability": "Quark Drive", "evs": {"hp": 85, "atk": 0, "def": 85, "spa": 85, "spd": 85, "spe": 85}, "ivs": {"hp": 31, "atk": 0, "def": 31, "spa": 31, "spd": 31, "spe": 31}, "item": "Leftovers", "teraType": "Fighting", "role": "Bulky Setup", "bvs": {"hp": 90, "atk": 72, "def": 100, "spa": 122, "spd": 108, "spe": 98}, "stats": {"hp": 268, "atk": 117, "def": 201, "spa": 235, "spd": 214, "spe": 198}, "types": ["Steel", "Psychic"]}, "Braviary": {"name": "Braviary", "species": "Braviary-Hisui", "speciesId": "braviaryhisui", "gender": "M", "shiny": false, "level": 85, "moves": ["esperwing", "defog", "roost", "hurricane"], "ability": "Tinted Lens", "evs": {"hp": 85, "atk": 0, "def": 85, "spa": 85, "spd": 85, "spe": 85}, "ivs": {"hp": 31, "atk": 0, "def": 31, "spa": 31, "spd": 31, "spe": 31}, "item": "Heavy-Duty Boots", "teraType": "Psychic", "role": "Bulky Attacker", "bvs": {"hp": 110, "atk": 83, "def": 70, "spa": 112, "spd": 70, "spe": 65}, "stats": {"hp": 326, "atk": 146, "def": 168, "spa": 239, "spd": 168, "spe": 159}, "types": ["Psychic", "Flying"]}, "Venusaur": {"name": "Venusaur", "species": "Venusaur", "speciesId": "venusaur", "gender": "F", "shiny": false, "level": 84, "moves": ["sludgebomb", "substitute", "gigadrain", "leechseed"], "ability": "Chlorophyll", "evs": {"hp": 85, "atk": 0, "def": 85, "spa": 85, "spd": 85, "spe": 85}, "ivs": {"hp": 31, "atk": 0, "def": 31, "spa": 31, "spd": 31, "spe": 31}, "item": "Leftovers", "teraType": "Steel", "role": "Bulky Support", "bvs": {"hp": 80, "atk": 82, "def": 83, "spa": 100, "spd": 100, "spe": 80}, "stats": {"hp": 272, "atk": 142, "def": 188, "spa": 216, "spd": 216, "spe": 183}, "types": ["Grass", "Poison"]}, "Heatran": {"name": "Heatran", "species": "Heatran", "speciesId": "heatran", "gender": "M", "shiny": false, "level": 79, "moves": ["lavaplume", "heavyslam", "earthpower", "stealthrock"], "ability": "Flash Fire", "evs": {"hp": 85, "atk": 85, "def": 85, "spa": 85, "spd": 85, "spe": 85}, "ivs": {"hp": 31, "atk": 31, "def": 31, "spa": 31, "spd": 31, "spe": 31}, "item": "Air Balloon", "teraType": "Flying", "role": "Bulky Support", "bvs": {"hp": 91, "atk": 90, "def": 106, "spa": 130, "spd": 106, "spe": 77}, "stats": {"hp": 273, "atk": 188, "def": 213, "spa": 251, "spd": 213, "spe": 167}, "types": ["Fire", "Steel"]}, "Bellibolt": {"name": "Bellibolt", "species": "Bellibolt", "speciesId": "bellibolt", "gender": "M", "shiny": false, "level": 84, "moves": ["toxic", "thunderbolt", "slackoff", "muddywater"], "ability": "Electromorphosis", "evs": {"hp": 85, "atk": 0, "def": 85, "spa": 85, "spd": 85, "spe": 85}, "ivs": {"hp": 31, "atk": 0, "def": 31, "spa": 31, "spd": 31, "spe": 31}, "item": "Leftovers", "teraType": "Water", "role": "Bulky Attacker", "bvs": {"hp": 109, "atk": 64, "def": 91, "spa": 103, "spd": 83, "spe": 45}, "stats": {"hp": 320, "atk": 112, "def": 201, "spa": 221, "spd": 188, "spe": 124}, "types": ["Electric"]}}, {"Carbink": {"name": "Carbink", "species": "Carbink", "speciesId": "carbink", "gender": "N", "shiny": false, "level": 90, "moves": ["bodypress", "moonblast", "rest", "irondefense"], "ability": "Clear Body", "evs": {"hp": 85, "atk": 0, "def": 85, "spa": 85, "spd": 85, "spe": 85}, "ivs": {"hp": 31, "atk": 0, "def": 31, "spa": 31, "spd": 31, "spe": 31}, "item": "Chesto Berry", "teraType": "Fighting", "role": "Fast Bulky Setup", "bvs": {"hp": 50, "atk": 50, "def": 150, "spa": 50, "spd": 150, "spe": 50}, "stats": {"hp": 236, "atk": 95, "def": 321, "spa": 141, "spd": 321, "spe": 141}, "types": ["Rock", "Fairy"]}, "Chansey": {"name": "Chansey", "species": "Chansey", "speciesId": "chansey", "gender": "F", "shiny": false, "level": 85, "moves": ["softboiled", "seismictoss", "thunderwave", "healbell"], "ability": "Natural Cure", "evs": {"hp": 85, "atk": 0, "def": 85, "spa": 85, "spd": 85, "spe": 85}, "ivs": {"hp": 31, "atk": 0, "def": 31, "spa": 31, "spd": 31, "spe": 31}, "item": "Eviolite", "teraType": "Fairy", "role": "Bulky Support", "bvs": {"hp": 250, "atk": 5, "def": 5, "spa": 35, "spd": 105, "spe": 50}, "stats": {"hp": 564, "atk": 13, "def": 57, "spa": 108, "spd": 227, "spe": 134}, "types": ["Normal"]}, "Slowking": {"name": "Slowking", "species": "Slowking-Galar", "speciesId": "slowkinggalar", "gender": "M", "shiny": false, "level": 85, "moves": ["toxicspikes", "sludgebomb", "slackoff", "psychicnoise"], "ability": "Regenerator", "evs": {"hp": 85, "atk": 0, "def": 85, "spa": 85, "spd": 85, "spe": 85}, "ivs": {"hp": 31, "atk": 0, "def": 31, "spa": 31, "spd": 31, "spe": 31}, "item": "Leftovers", "teraType": "Fairy", "role": "Bulky Attacker", "bvs": {"hp": 95, "atk": 65, "def": 80, "spa": 110, "spd": 110, "spe": 30}, "stats": {"hp": 300, "atk": 115, "def": 185, "spa": 236, "spd": 236, "spe": 100}, "types": ["Poison", "Psychic"]}, "Kingdra": {"name": "Kingdra", "species": "Kingdra", "speciesId": "kingdra", "gender": "F", "shiny": false, "level": 84, "moves": ["wavecrash", "ironhead", "outrage", "dragondance"], "ability": "Sniper", "evs": {"hp": 85, "atk": 85, "def": 85, "spa": 85, "spd": 85, "spe": 85}, "ivs": {"hp": 31, "atk": 31, "def": 31, "spa": 31, "spd": 31, "spe": 31}, "item": "Lum Berry", "teraType": "Steel", "role": "Fast Bulky Setup", "bvs": {"hp": 75, "atk": 95, "def": 95, "spa": 95, "spd": 95, "spe": 85}, "stats": {"hp": 263, "atk": 208, "def": 208, "spa": 208, "spd": 208, "spe": 191}, "types": ["Water", "Dragon"]}, "Toedscruel": {"name": "Toedscruel", "species": "Toedscruel", "speciesId": "toedscruel", "gender": "F", "shiny": false, "level": 87, "moves": ["rapidspin", "leafstorm", "earthpower", "toxic"], "ability": "Mycelium Might", "evs": {"hp": 85, "atk": 85, "def": 85, "spa": 85, "spd": 85, "spe": 85}, "ivs": {"hp": 31, "atk": 31, "def": 31, "spa": 31, "spd": 31, "spe": 31}, "item": "Leftovers", "teraType": "Water", "role": "Bulky Support", "bvs": {"hp": 80, "atk": 70, "def": 65, "spa": 80, "spd": 120, "spe": 100}, "stats": {"hp": 281, "atk": 172, "def": 163, "spa": 189, "spd": 259, "spe": 224}, "types": ["Ground", "Grass"]}, "Salazzle": {"name": "Salazzle", "species": "Salazzle", "speciesId": "salazzle", "gender": "F", "shiny": false, "level": 83, "moves": ["substitute", "flamethrower", "protect", "toxic"], "ability": "Corrosion", "evs": {"hp": 85, "atk": 0, "def": 85, "spa": 85, "spd": 85, "spe": 85}, "ivs": {"hp": 31, "atk": 0, "def": 31, "spa": 31, "spd": 31, "spe": 31}, "item": "Leftovers", "teraType": "Flying", "role": "Fast Support", "bvs": {"hp": 68, "atk": 64, "def": 60, "spa": 111, "spd": 60, "spe": 117}, "stats": {"hp": 249, "atk": 111, "def": 147, "spa": 232, "spd": 147, "spe": 242}, "types": ["Poison", "Fire"]}}]}