{"id": "gen9randombattle-2641710307", "format": "[Gen 9] Random Battle", "players": ["yagdaquebrada", "bigswallotfan109"], "log": "|j|\u2606yagdaquebrada\n|j|\u2606bigswallotfan109\n|t:|1782832676\n|gametype|singles\n|player|p1|yagdaquebrada|beauty-gen4dp|1958\n|player|p2|bigswallotfan109|265|1952\n|gen|9\n|tier|[Gen 9] Random Battle\n|rated|\n|rule|Species Clause: Limit one of each Pok\u00e9mon\n|rule|HP Percentage Mod: HP is shown in percentages\n|rule|Sleep Clause Mod: Limit one foe put to sleep\n|rule|Illusion Level Mod: Illusion disguises the Pok\u00e9mon's true level\n|\n|t:|1782832676\n|teamsize|p1|6\n|teamsize|p2|6\n|start\n|switch|p1a: Scovillain|Scovillain, L91, M|266/266\n|switch|p2a: Munkidori|Munkidori, L79, M|269/269\n|turn|1\n|\n|t:|1782832699\n|switch|p1a: Drifblim|Drifblim, L86, M|398/398\n|move|p2a: Munkidori|Sludge Wave|p1a: Drifblim\n|-resisted|p1a: Drifblim\n|-damage|p1a: Drifblim|327/398\n|\n|upkeep\n|turn|2\n|\n|t:|1782832705\n|switch|p2a: Mandibuzz|Mandibuzz, L85, F|326/326\n|move|p1a: Drifblim|Shadow Ball|p2a: Mandibuzz\n|-resisted|p2a: Mandibuzz\n|-damage|p2a: Mandibuzz|289/326\n|\n|upkeep\n|turn|3\n|\n|t:|1782832710\n|switch|p1a: Umbreon|Umbreon, L84, F|297/297\n|move|p2a: Mandibuzz|Knock Off|p1a: Umbreon\n|-resisted|p1a: Umbreon\n|-damage|p1a: Umbreon|267/297\n|-enditem|p1a: Umbreon|Leftovers|[from] move: Knock Off|[of] p2a: Mandibuzz\n|\n|upkeep\n|turn|4\n|\n|t:|1782832715\n|switch|p2a: Heatran|Heatran, L79, M|273/273\n|-item|p2a: Heatran|Air Balloon\n|move|p1a: Umbreon|Foul Play|p2a: Heatran\n|-damage|p2a: Heatran|185/273\n|-enditem|p2a: Heatran|Air Balloon\n|\n|upkeep\n|turn|5\n|\n|t:|1782832727\n|switch|p1a: Inteleon|Inteleon, L81, F|246/246\n|move|p2a: Heatran|Stealth Rock|p1a: Inteleon\n|-sidestart|p1: yagdaquebrada|move: Stealth Rock\n|\n|upkeep\n|turn|6\n|\n|t:|1782832732\n|switch|p2a: Araquanid|Araquanid, L82, F|246/246\n|move|p1a: Inteleon|Hydro Pump|p2a: Araquanid|[miss]\n|-miss|p1a: Inteleon|p2a: Araquanid\n|\n|upkeep\n|turn|7\n|\n|t:|1782832738\n|switch|p1a: Drifblim|Drifblim, L86, M|327/398\n|move|p2a: Araquanid|Liquidation|p1a: Drifblim\n|-damage|p1a: Drifblim|135/398\n|\n|upkeep\n|turn|8\n|\n|t:|1782832745\n|switch|p2a: Mandibuzz|Mandibuzz, L85, F|289/326\n|move|p1a: Drifblim|Strength Sap|p2a: Mandibuzz\n|-unboost|p2a: Mandibuzz|atk|1\n|-heal|p1a: Drifblim|294/398\n|\n|upkeep\n|turn|9\n|\n|t:|1782832753\n|switch|p2a: Munkidori|Munkidori, L79, M|269/269\n|move|p1a: Drifblim|Air Slash|p2a: Munkidori\n|-damage|p2a: Munkidori|214/269\n|\n|upkeep\n|turn|10\n|\n|t:|1782832758\n|move|p2a: Munkidori|Psychic Noise|p1a: Drifblim\n|-damage|p1a: Drifblim|170/398\n|-start|p1a: Drifblim|move: Heal Block\n|-status|p1a: Drifblim|tox|[from] ability: Toxic Chain|[of] p2a: Munkidori\n|move|p1a: Drifblim|Shadow Ball|p2a: Munkidori\n|-supereffective|p2a: Munkidori\n|-damage|p2a: Munkidori|94/269\n|\n|-damage|p1a: Drifblim|146/398 tox|[from] psn\n|upkeep\n|turn|11\n|\n|t:|1782832768\n|move|p2a: Munkidori|U-turn|p1a: Drifblim\n|-resisted|p1a: Drifblim\n|-damage|p1a: Drifblim|131/398 tox\n|\n|t:|1782832770\n|switch|p2a: Mandibuzz|Mandibuzz, L85, F|289/326|[from] U-turn\n|move|p1a: Drifblim|Defog|p2a: Mandibuzz\n|-unboost|p2a: Mandibuzz|evasion|1\n|-sideend|p1: yagdaquebrada|Stealth Rock|[from] move: Defog|[of] p1a: Drifblim\n|\n|-damage|p1a: Drifblim|83/398 tox|[from] psn\n|-end|p1a: Drifblim|move: Heal Block\n|upkeep\n|turn|12\n|\n|t:|1782832774\n|move|p1a: Drifblim|Strength Sap|p2a: Mandibuzz\n|-unboost|p2a: Mandibuzz|atk|1\n|-heal|p1a: Drifblim|242/398 tox\n|move|p2a: Mandibuzz|Knock Off|p1a: Drifblim\n|-supereffective|p1a: Drifblim\n|-damage|p1a: Drifblim|72/398 tox\n|-enditem|p1a: Drifblim|Heavy-Duty Boots|[from] move: Knock Off|[of] p2a: Mandibuzz\n|\n|-damage|p1a: Drifblim|0 fnt|[from] psn\n|faint|p1a: Drifblim\n|upkeep\n|\n|t:|1782832781\n|switch|p1a: Froslass|Froslass, L87, F|263/263\n|turn|13\n|\n|t:|1782832787\n|switch|p2a: Heatran|Heatran, L79, M|185/273\n|move|p1a: Froslass|Spikes|p2a: Heatran\n|-sidestart|p2: bigswallotfan109|Spikes\n|\n|upkeep\n|turn|14\n|\n|t:|1782832793\n|move|p1a: Froslass|Poltergeist||[still]\n|-fail|p1a: Froslass\n|move|p2a: Heatran|Lava Plume|p1a: Froslass\n|-supereffective|p1a: Froslass\n|-damage|p1a: Froslass|35/263\n|\n|upkeep\n|turn|15\n|\n|t:|1782832795\n|move|p1a: Froslass|Spikes|p2a: Heatran\n|-sidestart|p2: bigswallotfan109|Spikes\n|move|p2a: Heatran|Stealth Rock|p1a: Froslass\n|-sidestart|p1: yagdaquebrada|move: Stealth Rock\n|\n|upkeep\n|turn|16\n|\n|t:|1782832802\n|switch|p2a: Mandibuzz|Mandibuzz, L85, F|289/326\n|move|p1a: Froslass|Spikes|p2a: Mandibuzz\n|-sidestart|p2: bigswallotfan109|Spikes\n|\n|upkeep\n|turn|17\n|\n|t:|1782832816\n|switch|p2a: Araquanid|Araquanid, L82, F|246/246\n|move|p1a: Froslass|Triple Axel|p2a: Araquanid\n|-resisted|p2a: Araquanid\n|-damage|p2a: Araquanid|237/246\n|-resisted|p2a: Araquanid\n|-damage|p2a: Araquanid|217/246\n|-resisted|p2a: Araquanid\n|-damage|p2a: Araquanid|186/246\n|-hitcount|p2a: Araquanid|3\n|\n|upkeep\n|turn|18\n|\n|t:|1782832820\n|move|p1a: Froslass|Poltergeist|p2a: Araquanid\n|-activate|p2a: Araquanid|move: Poltergeist|Heavy-Duty Boots\n|-crit|p2a: Araquanid\n|-damage|p2a: Araquanid|21/246\n|move|p2a: Araquanid|Sticky Web|p1a: Froslass\n|-sidestart|p1: yagdaquebrada|move: Sticky Web\n|\n|upkeep\n|turn|19\n|\n|t:|1782832824\n|move|p1a: Froslass|Triple Axel|p2a: Araquanid\n|-resisted|p2a: Araquanid\n|-damage|p2a: Araquanid|11/246\n|-resisted|p2a: Araquanid\n|-damage|p2a: Araquanid|0 fnt\n|faint|p2a: Araquanid\n|-hitcount|p2: Araquanid|2\n|\n|upkeep\n|\n|t:|1782832830\n|switch|p2a: Barraskewda|Barraskewda, L81, F|231/231\n|-damage|p2a: Barraskewda|174/231|[from] Spikes\n|turn|20\n|\n|t:|1782832837\n|move|p2a: Barraskewda|Flip Turn|p1a: Froslass\n|-damage|p1a: Froslass|0 fnt\n|-start|p2a: Barraskewda|Disable|Flip Turn|[from] ability: Cursed Body|[of] p1a: Froslass\n|faint|p1a: Froslass\n|\n|t:|1782832840\n|switch|p2a: Munkidori|Munkidori, L79, M|94/269|[from] Flip Turn\n|-damage|p2a: Munkidori|27/269|[from] Spikes\n|\n|upkeep\n|\n|t:|1782832867\n|switch|p1a: Scovillain|Scovillain, L91, M|266/266\n|-damage|p1a: Scovillain|200/266|[from] Stealth Rock\n|-activate|p1a: Scovillain|move: Sticky Web\n|-unboost|p1a: Scovillain|spe|1\n|turn|21\n|\n|t:|1782832871\n|move|p2a: Munkidori|Fake Out|p1a: Scovillain\n|-damage|p1a: Scovillain|174/266\n|-status|p1a: Scovillain|tox|[from] ability: Toxic Chain|[of] p2a: Munkidori\n|cant|p1a: Scovillain|flinch\n|\n|-damage|p1a: Scovillain|158/266 tox|[from] psn\n|upkeep\n|turn|22\n|\n|t:|1782832877\n|move|p2a: Munkidori|Sludge Wave|p1a: Scovillain\n|-supereffective|p1a: Scovillain\n|-crit|p1a: Scovillain\n|-damage|p1a: Scovillain|0 fnt\n|faint|p1a: Scovillain\n|\n|upkeep\n|\n|t:|1782832882\n|switch|p1a: Inteleon|Inteleon, L81, F|246/246\n|-damage|p1a: Inteleon|216/246|[from] Stealth Rock\n|-activate|p1a: Inteleon|move: Sticky Web\n|-unboost|p1a: Inteleon|spe|1\n|turn|23\n|\n|t:|1782832884\n|move|p2a: Munkidori|Sludge Wave|p1a: Inteleon\n|-damage|p1a: Inteleon|59/246\n|move|p1a: Inteleon|U-turn|p2a: Munkidori\n|-damage|p2a: Munkidori|0 fnt\n|faint|p2a: Munkidori\n|\n|t:|1782832887\n|switch|p1a: Umbreon|Umbreon, L84, F|267/297|[from] U-turn\n|-damage|p1a: Umbreon|230/297|[from] Stealth Rock\n|-activate|p1a: Umbreon|move: Sticky Web\n|-unboost|p1a: Umbreon|spe|1\n|\n|upkeep\n|\n|t:|1782832896\n|switch|p2a: Heatran|Heatran, L79, M|185/273\n|-damage|p2a: Heatran|117/273|[from] Spikes\n|turn|24\n|\n|t:|1782832901\n|move|p2a: Heatran|Lava Plume|p1a: Umbreon\n|-damage|p1a: Umbreon|160/297\n|-status|p1a: Umbreon|brn\n|-activate|p1a: Umbreon|ability: Synchronize\n|-immune|p2a: Heatran\n|move|p1a: Umbreon|Foul Play|p2a: Heatran\n|-damage|p2a: Heatran|79/273\n|\n|-damage|p1a: Umbreon|142/297 brn|[from] brn\n|upkeep\n|turn|25\n|\n|t:|1782832905\n|move|p2a: Heatran|Heavy Slam|p1a: Umbreon\n|-damage|p1a: Umbreon|54/297 brn\n|move|p1a: Umbreon|Wish|p1a: Umbreon\n|\n|-damage|p1a: Umbreon|36/297 brn|[from] brn\n|upkeep\n|turn|26\n|\n|t:|1782832911\n|move|p1a: Umbreon|Protect|p1a: Umbreon\n|-singleturn|p1a: Umbreon|Protect\n|move|p2a: Heatran|Heavy Slam|p1a: Umbreon\n|-activate|p1a: Umbreon|move: Protect\n|\n|-heal|p1a: Umbreon|184/297 brn|[from] move: Wish|[wisher] Umbreon\n|-damage|p1a: Umbreon|166/297 brn|[from] brn\n|upkeep\n|turn|27\n|\n|t:|1782832913\n|move|p2a: Heatran|Heavy Slam|p1a: Umbreon\n|-damage|p1a: Umbreon|78/297 brn\n|move|p1a: Umbreon|Wish|p1a: Umbreon\n|\n|-damage|p1a: Umbreon|60/297 brn|[from] brn\n|upkeep\n|turn|28\n|\n|t:|1782832917\n|move|p1a: Umbreon|Protect|p1a: Umbreon\n|-singleturn|p1a: Umbreon|Protect\n|move|p2a: Heatran|Heavy Slam|p1a: Umbreon\n|-activate|p1a: Umbreon|move: Protect\n|\n|-heal|p1a: Umbreon|208/297 brn|[from] move: Wish|[wisher] Umbreon\n|-damage|p1a: Umbreon|190/297 brn|[from] brn\n|upkeep\n|turn|29\n|\n|t:|1782832919\n|move|p2a: Heatran|Heavy Slam|p1a: Umbreon\n|-damage|p1a: Umbreon|96/297 brn\n|move|p1a: Umbreon|Wish|p1a: Umbreon\n|\n|-damage|p1a: Umbreon|78/297 brn|[from] brn\n|upkeep\n|turn|30\n|\n|t:|1782832922\n|move|p1a: Umbreon|Protect|p1a: Umbreon\n|-singleturn|p1a: Umbreon|Protect\n|move|p2a: Heatran|Heavy Slam|p1a: Umbreon\n|-activate|p1a: Umbreon|move: Protect\n|\n|-heal|p1a: Umbreon|226/297 brn|[from] move: Wish|[wisher] Umbreon\n|-damage|p1a: Umbreon|208/297 brn|[from] brn\n|upkeep\n|turn|31\n|\n|t:|1782832924\n|move|p2a: Heatran|Heavy Slam|p1a: Umbreon\n|-damage|p1a: Umbreon|123/297 brn\n|move|p1a: Umbreon|Wish|p1a: Umbreon\n|\n|-damage|p1a: Umbreon|105/297 brn|[from] brn\n|upkeep\n|turn|32\n|\n|t:|1782832926\n|move|p1a: Umbreon|Protect|p1a: Umbreon\n|-singleturn|p1a: Umbreon|Protect\n|move|p2a: Heatran|Heavy Slam|p1a: Umbreon\n|-activate|p1a: Umbreon|move: Protect\n|\n|-heal|p1a: Umbreon|253/297 brn|[from] move: Wish|[wisher] Umbreon\n|-damage|p1a: Umbreon|235/297 brn|[from] brn\n|upkeep\n|turn|33\n|\n|t:|1782832928\n|move|p2a: Heatran|Heavy Slam|p1a: Umbreon\n|-damage|p1a: Umbreon|141/297 brn\n|move|p1a: Umbreon|Wish|p1a: Umbreon\n|\n|-damage|p1a: Umbreon|123/297 brn|[from] brn\n|upkeep\n|turn|34\n|\n|t:|1782832931\n|move|p1a: Umbreon|Protect|p1a: Umbreon\n|-singleturn|p1a: Umbreon|Protect\n|move|p2a: Heatran|Heavy Slam|p1a: Umbreon\n|-activate|p1a: Umbreon|move: Protect\n|\n|-heal|p1a: Umbreon|271/297 brn|[from] move: Wish|[wisher] Umbreon\n|-damage|p1a: Umbreon|253/297 brn|[from] brn\n|upkeep\n|turn|35\n|\n|t:|1782832934\n|move|p2a: Heatran|Heavy Slam|p1a: Umbreon\n|-damage|p1a: Umbreon|162/297 brn\n|move|p1a: Umbreon|Wish|p1a: Umbreon\n|\n|-damage|p1a: Umbreon|144/297 brn|[from] brn\n|upkeep\n|turn|36\n|\n|t:|1782832937\n|move|p1a: Umbreon|Protect|p1a: Umbreon\n|-singleturn|p1a: Umbreon|Protect\n|move|p2a: Heatran|Earth Power|p1a: Umbreon\n|-activate|p1a: Umbreon|move: Protect\n|\n|-heal|p1a: Umbreon|292/297 brn|[from] move: Wish|[wisher] Umbreon\n|-damage|p1a: Umbreon|274/297 brn|[from] brn\n|upkeep\n|turn|37\n|l|\u2606yagdaquebrada\n|player|p1|\n|inactive|Battle timer is ON: inactive players will automatically lose when time's up. (requested by bigswallotfan109)\n|inactive|yagdaquebrada has 30 seconds to reconnect!\n|inactive|yagdaquebrada has 20 seconds to reconnect!\n|inactive|yagdaquebrada has 15 seconds to reconnect!\n|j|\u2606yagdaquebrada\n|inactive|yagdaquebrada reconnected and has 105 seconds left.\n|player|p1|yagdaquebrada|beauty-gen4dp|\n|\n|t:|1782833044\n|move|p2a: Heatran|Heavy Slam|p1a: Umbreon\n|-damage|p1a: Umbreon|190/297 brn\n|move|p1a: Umbreon|Wish|p1a: Umbreon\n|\n|-damage|p1a: Umbreon|172/297 brn|[from] brn\n|upkeep\n|turn|38\n|\n|t:|1782833061\n|move|p2a: Heatran|Earth Power|p1a: Umbreon\n|-damage|p1a: Umbreon|115/297 brn\n|move|p1a: Umbreon|Foul Play|p2a: Heatran\n|-damage|p2a: Heatran|40/273\n|\n|-heal|p1a: Umbreon|263/297 brn|[from] move: Wish|[wisher] Umbreon\n|-damage|p1a: Umbreon|245/297 brn|[from] brn\n|upkeep\n|turn|39\n|\n|t:|1782833068\n|move|p2a: Heatran|Lava Plume|p1a: Umbreon\n|-damage|p1a: Umbreon|176/297 brn\n|move|p1a: Umbreon|Wish|p1a: Umbreon\n|\n|-damage|p1a: Umbreon|158/297 brn|[from] brn\n|upkeep\n|turn|40\n|\n|t:|1782833073\n|move|p1a: Umbreon|Protect|p1a: Umbreon\n|-singleturn|p1a: Umbreon|Protect\n|move|p2a: Heatran|Lava Plume|p1a: Umbreon\n|-activate|p1a: Umbreon|move: Protect\n|\n|-heal|p1a: Umbreon|297/297 brn|[from] move: Wish|[wisher] Umbreon\n|-damage|p1a: Umbreon|279/297 brn|[from] brn\n|upkeep\n|turn|41\n|\n|t:|1782833076\n|move|p2a: Heatran|Heavy Slam|p1a: Umbreon\n|-damage|p1a: Umbreon|197/297 brn\n|move|p1a: Umbreon|Wish|p1a: Umbreon\n|\n|-damage|p1a: Umbreon|179/297 brn|[from] brn\n|upkeep\n|turn|42\n|\n|t:|1782833078\n|move|p2a: Heatran|Lava Plume|p1a: Umbreon\n|-damage|p1a: Umbreon|104/297 brn\n|move|p1a: Umbreon|Foul Play|p2a: Heatran\n|-damage|p2a: Heatran|0 fnt\n|faint|p2a: Heatran\n|\n|-heal|p1a: Umbreon|252/297 brn|[from] move: Wish|[wisher] Umbreon\n|-damage|p1a: Umbreon|234/297 brn|[from] brn\n|upkeep\n|\n|t:|1782833082\n|switch|p2a: Mandibuzz|Mandibuzz, L85, F|289/326\n|turn|43\n|\n|t:|1782833089\n|-terastallize|p2a: Mandibuzz|Steel\n|move|p2a: Mandibuzz|Brave Bird|p1a: Umbreon\n|-damage|p1a: Umbreon|156/297 brn\n|-damage|p2a: Mandibuzz|263/326|[from] Recoil\n|move|p1a: Umbreon|Wish|p1a: Umbreon\n|\n|-damage|p1a: Umbreon|138/297 brn|[from] brn\n|upkeep\n|turn|44\n|\n|t:|1782833099\n|move|p1a: Umbreon|Protect|p1a: Umbreon\n|-singleturn|p1a: Umbreon|Protect\n|move|p2a: Mandibuzz|Knock Off|p1a: Umbreon\n|-activate|p1a: Umbreon|move: Protect\n|\n|-heal|p1a: Umbreon|286/297 brn|[from] move: Wish|[wisher] Umbreon\n|-damage|p1a: Umbreon|268/297 brn|[from] brn\n|upkeep\n|turn|45\n|\n|t:|1782833103\n|move|p2a: Mandibuzz|Knock Off|p1a: Umbreon\n|-resisted|p1a: Umbreon\n|-damage|p1a: Umbreon|244/297 brn\n|move|p1a: Umbreon|Wish|p1a: Umbreon\n|\n|-damage|p1a: Umbreon|226/297 brn|[from] brn\n|upkeep\n|turn|46\n|inactive|yagdaquebrada has 120 seconds left.\n|\n|t:|1782833135\n|move|p2a: Mandibuzz|Knock Off|p1a: Umbreon\n|-resisted|p1a: Umbreon\n|-damage|p1a: Umbreon|203/297 brn\n|move|p1a: Umbreon|Foul Play|p2a: Mandibuzz\n|-crit|p2a: Mandibuzz\n|-damage|p2a: Mandibuzz|217/326\n|\n|-heal|p1a: Umbreon|297/297 brn|[from] move: Wish|[wisher] Umbreon\n|-damage|p1a: Umbreon|279/297 brn|[from] brn\n|upkeep\n|turn|47\n|\n|t:|1782833143\n|move|p2a: Mandibuzz|Knock Off|p1a: Umbreon\n|-resisted|p1a: Umbreon\n|-damage|p1a: Umbreon|257/297 brn\n|move|p1a: Umbreon|Wish|p1a: Umbreon\n|\n|-damage|p1a: Umbreon|239/297 brn|[from] brn\n|upkeep\n|turn|48\n|c|\u2606bigswallotfan109|bro wasting wishes like its money\n|\n|t:|1782833154\n|switch|p1a: Golduck|Golduck, L90, F|290/290\n|-damage|p1a: Golduck|254/290|[from] Stealth Rock\n|-activate|p1a: Golduck|move: Sticky Web\n|-unboost|p1a: Golduck|spe|1\n|-ability|p1a: Golduck|Cloud Nine\n|move|p2a: Mandibuzz|Knock Off|p1a: Golduck\n|-damage|p1a: Golduck|176/290\n|-enditem|p1a: Golduck|Leftovers|[from] move: Knock Off|[of] p2a: Mandibuzz\n|\n|-heal|p1a: Golduck|290/290|[from] move: Wish|[wisher] Umbreon\n|upkeep\n|turn|49\n|\n|t:|1782833165\n|switch|p2a: Barraskewda|Barraskewda, L81, F|174/231\n|-damage|p2a: Barraskewda|117/231|[from] Spikes\n|move|p1a: Golduck|Nasty Plot|p1a: Golduck\n|-boost|p1a: Golduck|spa|2\n|\n|upkeep\n|turn|50\n|\n|t:|1782833179\n|-terastallize|p1a: Golduck|Water\n|move|p2a: Barraskewda|Close Combat|p1a: Golduck\n|-damage|p1a: Golduck|134/290\n|-unboost|p2a: Barraskewda|def|1\n|-unboost|p2a: Barraskewda|spd|1\n|move|p1a: Golduck|Hydro Pump|p2a: Barraskewda\n|-resisted|p2a: Barraskewda\n|-damage|p2a: Barraskewda|0 fnt\n|faint|p2a: Barraskewda\n|\n|upkeep\n|\n|t:|1782833183\n|switch|p2a: Banette|Banette, L93, M|270/270\n|-damage|p2a: Banette|203/270|[from] Spikes\n|turn|51\n|\n|t:|1782833190\n|switch|p1a: Inteleon|Inteleon, L81, F|59/246\n|-damage|p1a: Inteleon|29/246|[from] Stealth Rock\n|-activate|p1a: Inteleon|move: Sticky Web\n|-unboost|p1a: Inteleon|spe|1\n|move|p2a: Banette|Gunk Shot|p1a: Inteleon\n|-damage|p1a: Inteleon|0 fnt\n|faint|p1a: Inteleon\n|-damage|p2a: Banette|176/270|[from] item: Life Orb\n|\n|upkeep\n|\n|t:|1782833192\n|switch|p1a: Umbreon|Umbreon, L84, F|239/297 brn\n|-damage|p1a: Umbreon|202/297 brn|[from] Stealth Rock\n|-activate|p1a: Umbreon|move: Sticky Web\n|-unboost|p1a: Umbreon|spe|1\n|turn|52\n|\n|t:|1782833197\n|switch|p2a: Mandibuzz|Mandibuzz, L85, F, tera:Steel|217/326\n|move|p1a: Umbreon|Toxic|p2a: Mandibuzz|[miss]\n|-miss|p1a: Umbreon|p2a: Mandibuzz\n|\n|-damage|p1a: Umbreon|184/297 brn|[from] brn\n|upkeep\n|turn|53\n|\n|t:|1782833205\n|move|p2a: Mandibuzz|Brave Bird|p1a: Umbreon\n|-crit|p1a: Umbreon\n|-damage|p1a: Umbreon|58/297 brn\n|-damage|p2a: Mandibuzz|175/326|[from] Recoil\n|move|p1a: Umbreon|Foul Play|p2a: Mandibuzz\n|-damage|p2a: Mandibuzz|140/326\n|\n|-damage|p1a: Umbreon|40/297 brn|[from] brn\n|upkeep\n|turn|54\n|c|\u2606bigswallotfan109|ggg scrub\n|\n|t:|1782833216\n|move|p2a: Mandibuzz|Brave Bird|p1a: Umbreon\n|-damage|p1a: Umbreon|0 fnt\n|faint|p1a: Umbreon\n|-damage|p2a: Mandibuzz|127/326|[from] Recoil\n|\n|upkeep\n|\n|t:|1782833219\n|switch|p1a: Golduck|Golduck, L90, F, tera:Water|134/290\n|-damage|p1a: Golduck|98/290|[from] Stealth Rock\n|-activate|p1a: Golduck|move: Sticky Web\n|-unboost|p1a: Golduck|spe|1\n|-ability|p1a: Golduck|Cloud Nine\n|turn|55\n|c|\u2606bigswallotfan109|forfit\n|\n|t:|1782833223\n|move|p2a: Mandibuzz|Brave Bird|p1a: Golduck\n|-damage|p1a: Golduck|0 fnt\n|faint|p1a: Golduck\n|-damage|p2a: Mandibuzz|95/326|[from] Recoil\n|\n|win|bigswallotfan109\n|raw|yagdaquebrada's rating: 1958 &rarr; <strong>1938</strong><br />(-20 for losing)\n|raw|bigswallotfan109's rating: 1952 &rarr; <strong>1972</strong><br />(+20 for winning)\n", "inputlog": ">version f8ac14003a5f27e1bdc8d8c59608a773c1cb96e5\n>start {\"formatid\":\"gen9randombattle\",\"seed\":\"sodium,903c797edff90a804a8d0a0f959576c1\",\"rated\":\"Rated battle\"}\n>player p1 {\"name\":\"yagdaquebrada\",\"avatar\":\"beauty-gen4dp\",\"rating\":1958,\"seed\":\"sodium,65e7da00e7dac022331cdaf86accd950\"}\n>player p2 {\"name\":\"bigswallotfan109\",\"avatar\":\"265\",\"rating\":1952,\"seed\":\"sodium,123b292638fbdeaa4ada7386ef3811de\"}\n>p1 switch 4\n>p2 move sludgewave\n>p1 move shadowball\n>p2 switch 3\n>p1 switch 5\n>p2 move knockoff\n>p1 move foulplay\n>p2 switch 5\n>p1 switch 3\n>p2 move stealthrock\n>p1 move hydropump\n>p2 switch 2\n>p1 switch 5\n>p2 move liquidation\n>p1 move strengthsap\n>p2 switch 5\n>p1 move airslash\n>p2 switch 3\n>p1 move shadowball\n>p2 move psychicnoise\n>p1 move defog\n>p2 move uturn\n>p2 switch 3\n>p1 move strengthsap\n>p2 move knockoff\n>p1 switch 6\n>p1 move spikes\n>p2 switch 2\n>p1 move poltergeist\n>p2 move lavaplume\n>p1 move spikes\n>p2 move stealthrock\n>p1 move spikes\n>p2 switch 2\n>p1 move tripleaxel\n>p2 switch 5\n>p1 move poltergeist\n>p2 move stickyweb\n>p1 move tripleaxel\n>p2 move liquidation\n>p2 switch 6\n>p1 move willowisp\n>p2 move flipturn\n>p2 switch 3\n>p1 switch 4\n>p1 move flamethrower\n>p2 move fakeout\n>p1 move leafstorm\n>p2 move sludgewave\n>p1 switch 5\n>p1 move uturn\n>p2 move sludgewave\n>p1 switch 3\n>p2 switch 2\n>p1 move foulplay\n>p2 move lavaplume\n>p1 move wish\n>p2 move heavyslam\n>p1 move protect\n>p2 move heavyslam\n>p1 move wish\n>p2 move heavyslam\n>p1 move protect\n>p2 move heavyslam\n>p1 move wish\n>p2 move heavyslam\n>p1 move protect\n>p2 move heavyslam\n>p1 move wish\n>p2 move heavyslam\n>p1 move protect\n>p2 move heavyslam\n>p1 move wish\n>p2 move heavyslam\n>p1 move protect\n>p2 move heavyslam\n>p1 move wish\n>p2 move heavyslam\n>p1 move protect\n>p2 move earthpower\n>p1 move wish\n>p2 move heavyslam\n>p1 move foulplay\n>p2 move earthpower\n>p1 move wish\n>p2 move lavaplume\n>p1 move protect\n>p2 move lavaplume\n>p1 move wish\n>p2 move heavyslam\n>p1 move foulplay\n>p2 move lavaplume\n>p2 switch 5\n>p1 move wish\n>p2 move bravebird terastallize\n>p1 move protect\n>p2 move knockoff\n>p1 move wish\n>p2 move knockoff\n>p1 move foulplay\n>p2 move knockoff\n>p1 move wish\n>p2 move knockoff\n>chat \u2606bigswallotfan109|bro wasting wishes like its money\n>p1 switch 2\n>p2 move knockoff\n>p1 move nastyplot\n>p2 switch 3\n>p1 move hydropump terastallize\n>p2 move closecombat\n>p2 switch 4\n>p1 switch 3\n>p2 move gunkshot\n>p1 switch 2\n>p1 move toxic\n>p2 switch 3\n>p1 move foulplay\n>p2 move bravebird\n>chat \u2606bigswallotfan109|ggg scrub\n>p1 move wish\n>p2 move bravebird\n>p1 switch 3\n>chat \u2606bigswallotfan109|forfit\n>p1 move hydropump\n>p2 move bravebird", "uploadtime": 1782832679, "views": 8, "formatid": "gen9randombattle", "rating": 1938, "private": 0, "password": null, "player_dets": [{"name": "yagdaquebrada", "avatar": "beauty-gen4dp", "rating": 1958, "seed": "sodium,65e7da00e7dac022331cdaf86accd950"}, {"name": "bigswallotfan109", "avatar": "265", "rating": 1952, "seed": "sodium,123b292638fbdeaa4ada7386ef3811de"}], "teams_full": [{"Scovillain": {"name": "Scovillain", "species": "Scovillain", "speciesId": "scovillain", "gender": "M", "shiny": false, "level": 91, "moves": ["overheat", "flamethrower", "leafstorm", "energyball"], "ability": "Chlorophyll", "evs": {"hp": 85, "atk": 0, "def": 85, "spa": 85, "spd": 85, "spe": 85}, "ivs": {"hp": 31, "atk": 0, "def": 31, "spa": 31, "spd": 31, "spe": 31}, "item": "Choice Scarf", "teraType": "Fire", "role": "Fast Attacker", "bvs": {"hp": 65, "atk": 108, "def": 65, "spa": 108, "spd": 65, "spe": 75}, "stats": {"hp": 266, "atk": 201, "def": 170, "spa": 248, "spd": 170, "spe": 188}, "types": ["Grass", "Fire"]}, "Golduck": {"name": "Golduck", "species": "Golduck", "speciesId": "golduck", "gender": "F", "shiny": false, "level": 90, "moves": ["icebeam", "nastyplot", "grassknot", "hydropump"], "ability": "Cloud Nine", "evs": {"hp": 85, "atk": 0, "def": 85, "spa": 85, "spd": 85, "spe": 85}, "ivs": {"hp": 31, "atk": 0, "def": 31, "spa": 31, "spd": 31, "spe": 31}, "item": "Leftovers", "teraType": "Water", "role": "Bulky Setup", "bvs": {"hp": 80, "atk": 82, "def": 78, "spa": 95, "spd": 80, "spe": 85}, "stats": {"hp": 290, "atk": 152, "def": 192, "spa": 222, "spd": 195, "spe": 204}, "types": ["Water"]}, "Inteleon": {"name": "Inteleon", "species": "Inteleon", "speciesId": "inteleon", "gender": "F", "shiny": false, "level": 81, "moves": ["scald", "uturn", "hydropump", "icebeam"], "ability": "Torrent", "evs": {"hp": 85, "atk": 85, "def": 85, "spa": 85, "spd": 85, "spe": 85}, "ivs": {"hp": 31, "atk": 31, "def": 31, "spa": 31, "spd": 31, "spe": 31}, "item": "Choice Specs", "teraType": "Water", "role": "Wallbreaker", "bvs": {"hp": 70, "atk": 85, "def": 65, "spa": 125, "spd": 65, "spe": 120}, "stats": {"hp": 246, "atk": 184, "def": 152, "spa": 249, "spd": 152, "spe": 241}, "types": ["Water"]}, "Drifblim": {"name": "Drifblim", "species": "Drifblim", "speciesId": "drifblim", "gender": "M", "shiny": false, "level": 86, "moves": ["airslash", "defog", "shadowball", "strengthsap"], "ability": "Aftermath", "evs": {"hp": 85, "atk": 0, "def": 85, "spa": 85, "spd": 85, "spe": 85}, "ivs": {"hp": 31, "atk": 0, "def": 31, "spa": 31, "spd": 31, "spe": 31}, "item": "Heavy-Duty Boots", "teraType": "Dark", "role": "Bulky Attacker", "bvs": {"hp": 150, "atk": 80, "def": 44, "spa": 90, "spd": 54, "spe": 80}, "stats": {"hp": 398, "atk": 142, "def": 125, "spa": 204, "spd": 142, "spe": 187}, "types": ["Ghost", "Flying"]}, "Umbreon": {"name": "Umbreon", "species": "Umbreon", "speciesId": "umbreon", "gender": "F", "shiny": false, "level": 84, "moves": ["protect", "foulplay", "toxic", "wish"], "ability": "Synchronize", "evs": {"hp": 85, "atk": 0, "def": 85, "spa": 85, "spd": 85, "spe": 85}, "ivs": {"hp": 31, "atk": 0, "def": 31, "spa": 31, "spd": 31, "spe": 31}, "item": "Leftovers", "teraType": "Poison", "role": "Bulky Support", "bvs": {"hp": 95, "atk": 65, "def": 110, "spa": 60, "spd": 130, "spe": 65}, "stats": {"hp": 297, "atk": 114, "def": 233, "spa": 149, "spd": 267, "spe": 157}, "types": ["Dark"]}, "Froslass": {"name": "Froslass", "species": "Froslass", "speciesId": "froslass", "gender": "F", "shiny": false, "level": 87, "moves": ["spikes", "tripleaxel", "poltergeist", "willowisp"], "ability": "Cursed Body", "evs": {"hp": 81, "atk": 85, "def": 85, "spa": 85, "spd": 85, "spe": 85}, "ivs": {"hp": 31, "atk": 31, "def": 31, "spa": 31, "spd": 31, "spe": 31}, "item": "Wide Lens", "teraType": "Ghost", "role": "Fast Support", "bvs": {"hp": 70, "atk": 80, "def": 70, "spa": 80, "spd": 70, "spe": 110}, "stats": {"hp": 263, "atk": 189, "def": 172, "spa": 189, "spd": 172, "spe": 241}, "types": ["Ice", "Ghost"]}}, {"Munkidori": {"name": "Munkidori", "species": "Munkidori", "speciesId": "munkidori", "gender": "M", "shiny": false, "level": 79, "moves": ["fakeout", "uturn", "psychicnoise", "sludgewave"], "ability": "Toxic Chain", "evs": {"hp": 85, "atk": 85, "def": 85, "spa": 85, "spd": 85, "spe": 85}, "ivs": {"hp": 31, "atk": 31, "def": 31, "spa": 31, "spd": 31, "spe": 31}, "item": "Assault Vest", "teraType": "Dark", "role": "AV Pivot", "bvs": {"hp": 88, "atk": 75, "def": 66, "spa": 130, "spd": 90, "spe": 106}, "stats": {"hp": 269, "atk": 164, "def": 150, "spa": 251, "spd": 188, "spe": 213}, "types": ["Poison", "Psychic"]}, "Araquanid": {"name": "Araquanid", "species": "Araquanid", "speciesId": "araquanid", "gender": "F", "shiny": false, "level": 82, "moves": ["stickyweb", "hydropump", "liquidation", "leechlife"], "ability": "Water Bubble", "evs": {"hp": 85, "atk": 85, "def": 85, "spa": 85, "spd": 85, "spe": 85}, "ivs": {"hp": 31, "atk": 31, "def": 31, "spa": 31, "spd": 31, "spe": 31}, "item": "Heavy-Duty Boots", "teraType": "Water", "role": "Bulky Attacker", "bvs": {"hp": 68, "atk": 70, "def": 92, "spa": 50, "spd": 132, "spe": 42}, "stats": {"hp": 246, "atk": 162, "def": 198, "spa": 129, "spd": 264, "spe": 116}, "types": ["Water", "Bug"]}, "Mandibuzz": {"name": "Mandibuzz", "species": "Mandibuzz", "speciesId": "mandibuzz", "gender": "F", "shiny": false, "level": 85, "moves": ["knockoff", "bravebird", "roost", "defog"], "ability": "Overcoat", "evs": {"hp": 85, "atk": 85, "def": 85, "spa": 85, "spd": 85, "spe": 85}, "ivs": {"hp": 31, "atk": 31, "def": 31, "spa": 31, "spd": 31, "spe": 31}, "item": "Heavy-Duty Boots", "teraType": "Steel", "role": "Bulky Attacker", "bvs": {"hp": 110, "atk": 65, "def": 105, "spa": 55, "spd": 95, "spe": 80}, "stats": {"hp": 326, "atk": 159, "def": 227, "spa": 142, "spd": 210, "spe": 185}, "types": ["Dark", "Flying"]}, "Banette": {"name": "Banette", "species": "Banette", "speciesId": "banette", "gender": "M", "shiny": false, "level": 93, "moves": ["thunderwave", "gunkshot", "poltergeist", "shadowsneak"], "ability": "Insomnia", "evs": {"hp": 85, "atk": 85, "def": 85, "spa": 85, "spd": 85, "spe": 85}, "ivs": {"hp": 31, "atk": 31, "def": 31, "spa": 31, "spd": 31, "spe": 31}, "item": "Life Orb", "teraType": "Ghost", "role": "Wallbreaker", "bvs": {"hp": 64, "atk": 115, "def": 65, "spa": 83, "spd": 63, "spe": 65}, "stats": {"hp": 270, "atk": 267, "def": 174, "spa": 207, "spd": 170, "spe": 174}, "types": ["Ghost"]}, "Heatran": {"name": "Heatran", "species": "Heatran", "speciesId": "heatran", "gender": "M", "shiny": false, "level": 79, "moves": ["heavyslam", "earthpower", "stealthrock", "lavaplume"], "ability": "Flash Fire", "evs": {"hp": 85, "atk": 85, "def": 85, "spa": 85, "spd": 85, "spe": 85}, "ivs": {"hp": 31, "atk": 31, "def": 31, "spa": 31, "spd": 31, "spe": 31}, "item": "Air Balloon", "teraType": "Flying", "role": "Bulky Support", "bvs": {"hp": 91, "atk": 90, "def": 106, "spa": 130, "spd": 106, "spe": 77}, "stats": {"hp": 273, "atk": 188, "def": 213, "spa": 251, "spd": 213, "spe": 167}, "types": ["Fire", "Steel"]}, "Barraskewda": {"name": "Barraskewda", "species": "Barraskewda", "speciesId": "barraskewda", "gender": "F", "shiny": false, "level": 81, "moves": ["closecombat", "throatchop", "waterfall", "flipturn"], "ability": "Swift Swim", "evs": {"hp": 85, "atk": 85, "def": 85, "spa": 85, "spd": 85, "spe": 85}, "ivs": {"hp": 31, "atk": 31, "def": 31, "spa": 31, "spd": 31, "spe": 31}, "item": "Choice Band", "teraType": "Water", "role": "Wallbreaker", "bvs": {"hp": 61, "atk": 123, "def": 60, "spa": 60, "spd": 50, "spe": 136}, "stats": {"hp": 231, "atk": 246, "def": 144, "spa": 144, "spd": 128, "spe": 267}, "types": ["Water"]}}]}