{"id": "gen9randombattle-2641484913", "format": "[Gen 9] Random Battle", "players": ["notmetbh102", "shamu142"], "log": "|j|\u2606notmetbh102\n|j|\u2606shamu142\n|t:|1782792403\n|gametype|singles\n|player|p1|notmetbh102|2|2207\n|player|p2|shamu142|baker|2233\n|gen|9\n|tier|[Gen 9] Random Battle\n|rated|\n|rule|Species Clause: Limit one of each Pok\u00e9mon\n|rule|HP Percentage Mod: HP is shown in percentages\n|rule|Sleep Clause Mod: Limit one foe put to sleep\n|rule|Illusion Level Mod: Illusion disguises the Pok\u00e9mon's true level\n|\n|t:|1782792403\n|teamsize|p1|6\n|teamsize|p2|6\n|start\n|switch|p1a: Dachsbun|Dachsbun, L92, M|254/254\n|switch|p2a: Appletun|Appletun, L92, F|352/352\n|turn|1\n|inactive|Battle timer is ON: inactive players will automatically lose when time's up. (requested by notmetbh102)\n|c|\u2606notmetbh102|hf\n|\n|t:|1782792418\n|switch|p2a: Milotic|Milotic, L83, F|293/293\n|move|p1a: Dachsbun|Play Rough|p2a: Milotic\n|-damage|p2a: Milotic|188/293\n|\n|-heal|p2a: Milotic|206/293|[from] item: Leftovers\n|upkeep\n|turn|2\n|\n|t:|1782792419\n|switch|p1a: Glaceon|Glaceon, L94, F|275/275\n|move|p2a: Milotic|Scald|p1a: Glaceon\n|-damage|p1a: Glaceon|202/275\n|\n|-heal|p2a: Milotic|224/293|[from] item: Leftovers\n|upkeep\n|turn|3\n|\n|t:|1782792422\n|switch|p2a: Cobalion|Cobalion, L80|277/277\n|move|p1a: Glaceon|Freeze-Dry|p2a: Cobalion\n|-resisted|p2a: Cobalion\n|-damage|p2a: Cobalion|203/277\n|\n|upkeep\n|turn|4\n|\n|t:|1782792423\n|switch|p1a: Eternatus|Eternatus, L69|308/308\n|-ability|p1a: Eternatus|Pressure\n|move|p2a: Cobalion|Close Combat|p1a: Eternatus\n|-resisted|p1a: Eternatus\n|-damage|p1a: Eternatus|222/308\n|-unboost|p2a: Cobalion|def|1\n|-unboost|p2a: Cobalion|spd|1\n|-damage|p2a: Cobalion|157/277|[from] item: Rocky Helmet|[of] p1a: Eternatus\n|-damage|p2a: Cobalion|130/277|[from] item: Life Orb\n|\n|upkeep\n|turn|5\n|\n|t:|1782792427\n|switch|p2a: Conkeldurr|Conkeldurr, L80, F|299/299\n|move|p1a: Eternatus|Sludge Bomb|p2a: Conkeldurr\n|-damage|p2a: Conkeldurr|190/299\n|\n|-status|p2a: Conkeldurr|brn|[from] item: Flame Orb\n|upkeep\n|turn|6\n|\n|t:|1782792428\n|move|p1a: Eternatus|Sludge Bomb|p2a: Conkeldurr\n|-damage|p2a: Conkeldurr|69/299 brn\n|move|p2a: Conkeldurr|Facade|p1a: Eternatus\n|-damage|p1a: Eternatus|0 fnt\n|-damage|p2a: Conkeldurr|20/299 brn|[from] item: Rocky Helmet|[of] p1a: Eternatus\n|faint|p1a: Eternatus\n|\n|-damage|p2a: Conkeldurr|2/299 brn|[from] brn\n|upkeep\n|\n|t:|1782792429\n|switch|p1a: Gouging Fire|Gouging Fire, L74|277/277\n|turn|7\n|\n|t:|1782792431\n|move|p1a: Gouging Fire|Dragon Dance|p1a: Gouging Fire\n|-boost|p1a: Gouging Fire|atk|1\n|-boost|p1a: Gouging Fire|spe|1\n|move|p2a: Conkeldurr|Close Combat|p1a: Gouging Fire\n|-damage|p1a: Gouging Fire|87/277\n|-unboost|p2a: Conkeldurr|def|1\n|-unboost|p2a: Conkeldurr|spd|1\n|\n|-damage|p2a: Conkeldurr|0 fnt|[from] brn\n|faint|p2a: Conkeldurr\n|upkeep\n|\n|t:|1782792437\n|switch|p2a: Milotic|Milotic, L83, F|224/293\n|turn|8\n|\n|t:|1782792439\n|move|p1a: Gouging Fire|Morning Sun|p1a: Gouging Fire\n|-heal|p1a: Gouging Fire|225/277\n|move|p2a: Milotic|Scald|p1a: Gouging Fire\n|-damage|p1a: Gouging Fire|128/277\n|\n|-heal|p2a: Milotic|242/293|[from] item: Leftovers\n|upkeep\n|turn|9\n|\n|t:|1782792440\n|move|p1a: Gouging Fire|Morning Sun|p1a: Gouging Fire\n|-heal|p1a: Gouging Fire|266/277\n|move|p2a: Milotic|Haze|p2a: Milotic\n|-clearallboost\n|\n|-heal|p2a: Milotic|260/293|[from] item: Leftovers\n|upkeep\n|turn|10\n|\n|t:|1782792443\n|move|p2a: Milotic|Scald|p1a: Gouging Fire\n|-damage|p1a: Gouging Fire|178/277\n|move|p1a: Gouging Fire|Dragon Dance|p1a: Gouging Fire\n|-boost|p1a: Gouging Fire|atk|1\n|-boost|p1a: Gouging Fire|spe|1\n|\n|-heal|p2a: Milotic|278/293|[from] item: Leftovers\n|upkeep\n|turn|11\n|\n|t:|1782792444\n|move|p1a: Gouging Fire|Morning Sun|p1a: Gouging Fire\n|-heal|p1a: Gouging Fire|277/277\n|move|p2a: Milotic|Haze|p2a: Milotic\n|-clearallboost\n|\n|-heal|p2a: Milotic|293/293|[from] item: Leftovers\n|upkeep\n|turn|12\n|\n|t:|1782792446\n|move|p2a: Milotic|Scald|p1a: Gouging Fire\n|-damage|p1a: Gouging Fire|186/277\n|move|p1a: Gouging Fire|Dragon Dance|p1a: Gouging Fire\n|-boost|p1a: Gouging Fire|atk|1\n|-boost|p1a: Gouging Fire|spe|1\n|\n|upkeep\n|turn|13\n|\n|t:|1782792447\n|move|p1a: Gouging Fire|Morning Sun|p1a: Gouging Fire\n|-heal|p1a: Gouging Fire|277/277\n|move|p2a: Milotic|Haze|p2a: Milotic\n|-clearallboost\n|\n|upkeep\n|turn|14\n|\n|t:|1782792459\n|move|p2a: Milotic|Scald|p1a: Gouging Fire\n|-damage|p1a: Gouging Fire|183/277\n|move|p1a: Gouging Fire|Dragon Dance|p1a: Gouging Fire\n|-boost|p1a: Gouging Fire|atk|1\n|-boost|p1a: Gouging Fire|spe|1\n|\n|upkeep\n|turn|15\n|\n|t:|1782792460\n|move|p1a: Gouging Fire|Morning Sun|p1a: Gouging Fire\n|-heal|p1a: Gouging Fire|277/277\n|move|p2a: Milotic|Haze|p2a: Milotic\n|-clearallboost\n|\n|upkeep\n|turn|16\n|\n|t:|1782792462\n|move|p2a: Milotic|Scald|p1a: Gouging Fire\n|-damage|p1a: Gouging Fire|186/277\n|move|p1a: Gouging Fire|Dragon Dance|p1a: Gouging Fire\n|-boost|p1a: Gouging Fire|atk|1\n|-boost|p1a: Gouging Fire|spe|1\n|\n|upkeep\n|turn|17\n|\n|t:|1782792463\n|move|p1a: Gouging Fire|Morning Sun|p1a: Gouging Fire\n|-heal|p1a: Gouging Fire|277/277\n|move|p2a: Milotic|Haze|p2a: Milotic\n|-clearallboost\n|\n|upkeep\n|turn|18\n|\n|t:|1782792465\n|move|p2a: Milotic|Scald|p1a: Gouging Fire\n|-damage|p1a: Gouging Fire|190/277\n|move|p1a: Gouging Fire|Dragon Dance|p1a: Gouging Fire\n|-boost|p1a: Gouging Fire|atk|1\n|-boost|p1a: Gouging Fire|spe|1\n|\n|upkeep\n|turn|19\n|\n|t:|1782792466\n|move|p1a: Gouging Fire|Morning Sun|p1a: Gouging Fire\n|-heal|p1a: Gouging Fire|277/277\n|move|p2a: Milotic|Haze|p2a: Milotic\n|-clearallboost\n|\n|upkeep\n|turn|20\n|\n|t:|1782792467\n|move|p2a: Milotic|Scald|p1a: Gouging Fire\n|-damage|p1a: Gouging Fire|181/277\n|move|p1a: Gouging Fire|Dragon Dance|p1a: Gouging Fire\n|-boost|p1a: Gouging Fire|atk|1\n|-boost|p1a: Gouging Fire|spe|1\n|\n|upkeep\n|turn|21\n|\n|t:|1782792469\n|-end|p1a: Gouging Fire|Protosynthesis|[silent]\n|switch|p1a: Glaceon|Glaceon, L94, F|202/275\n|move|p2a: Milotic|Haze|p2a: Milotic\n|-clearallboost\n|\n|upkeep\n|turn|22\n|\n|t:|1782792473\n|switch|p2a: Cobalion|Cobalion, L80|130/277\n|move|p1a: Glaceon|Freeze-Dry|p2a: Cobalion\n|-resisted|p2a: Cobalion\n|-damage|p2a: Cobalion|61/277\n|\n|upkeep\n|turn|23\n|\n|t:|1782792476\n|switch|p1a: Dachsbun|Dachsbun, L92, M|254/254\n|move|p2a: Cobalion|Iron Head|p1a: Dachsbun\n|-supereffective|p1a: Dachsbun\n|-damage|p1a: Dachsbun|98/254\n|-damage|p2a: Cobalion|34/277|[from] item: Life Orb\n|\n|-heal|p1a: Dachsbun|113/254|[from] item: Leftovers\n|upkeep\n|turn|24\n|\n|t:|1782792478\n|switch|p2a: Milotic|Milotic, L83, F|293/293\n|move|p1a: Dachsbun|Play Rough|p2a: Milotic\n|-damage|p2a: Milotic|184/293\n|\n|-heal|p1a: Dachsbun|128/254|[from] item: Leftovers\n|-heal|p2a: Milotic|202/293|[from] item: Leftovers\n|upkeep\n|turn|25\n|\n|t:|1782792480\n|move|p1a: Dachsbun|Wish|p1a: Dachsbun\n|move|p2a: Milotic|Scald|p1a: Dachsbun\n|-damage|p1a: Dachsbun|50/254\n|\n|-heal|p1a: Dachsbun|65/254|[from] item: Leftovers\n|-heal|p2a: Milotic|220/293|[from] item: Leftovers\n|upkeep\n|turn|26\n|\n|t:|1782792481\n|move|p1a: Dachsbun|Protect|p1a: Dachsbun\n|-singleturn|p1a: Dachsbun|Protect\n|move|p2a: Milotic|Scald|p1a: Dachsbun\n|-activate|p1a: Dachsbun|move: Protect\n|\n|-heal|p1a: Dachsbun|192/254|[from] move: Wish|[wisher] Dachsbun\n|-heal|p1a: Dachsbun|207/254|[from] item: Leftovers\n|-heal|p2a: Milotic|238/293|[from] item: Leftovers\n|upkeep\n|turn|27\n|\n|t:|1782792483\n|move|p1a: Dachsbun|Wish|p1a: Dachsbun\n|move|p2a: Milotic|Scald|p1a: Dachsbun\n|-damage|p1a: Dachsbun|122/254\n|-status|p1a: Dachsbun|brn\n|\n|-heal|p1a: Dachsbun|137/254 brn|[from] item: Leftovers\n|-heal|p2a: Milotic|256/293|[from] item: Leftovers\n|-damage|p1a: Dachsbun|122/254 brn|[from] brn\n|upkeep\n|turn|28\n|\n|t:|1782792485\n|move|p1a: Dachsbun|Protect|p1a: Dachsbun\n|-singleturn|p1a: Dachsbun|Protect\n|move|p2a: Milotic|Scald|p1a: Dachsbun\n|-activate|p1a: Dachsbun|move: Protect\n|\n|-heal|p1a: Dachsbun|249/254 brn|[from] move: Wish|[wisher] Dachsbun\n|-heal|p1a: Dachsbun|254/254 brn|[from] item: Leftovers\n|-heal|p2a: Milotic|274/293|[from] item: Leftovers\n|-damage|p1a: Dachsbun|239/254 brn|[from] brn\n|upkeep\n|turn|29\n|\n|t:|1782792487\n|switch|p2a: Pyroar|Pyroar, L88, F|295/295\n|-ability|p2a: Pyroar|Unnerve\n|move|p1a: Dachsbun|Wish|p1a: Dachsbun\n|\n|-heal|p1a: Dachsbun|254/254 brn|[from] item: Leftovers\n|-damage|p1a: Dachsbun|239/254 brn|[from] brn\n|upkeep\n|turn|30\n|\n|t:|1782792498\n|move|p2a: Pyroar|Work Up|p2a: Pyroar\n|-boost|p2a: Pyroar|atk|1\n|-boost|p2a: Pyroar|spa|1\n|move|p1a: Dachsbun|Yawn|p2a: Pyroar\n|-start|p2a: Pyroar|move: Yawn|[of] p1a: Dachsbun\n|\n|-heal|p1a: Dachsbun|254/254 brn|[from] move: Wish|[wisher] Dachsbun\n|-damage|p1a: Dachsbun|239/254 brn|[from] brn\n|upkeep\n|turn|31\n|\n|t:|1782792501\n|switch|p2a: Tsareena|Tsareena, L87, F|267/267\n|switch|p1a: Tinkaton|Tinkaton, L82, F|274/274\n|-ability|p1a: Tinkaton|Mold Breaker\n|\n|upkeep\n|turn|32\n|\n|t:|1782792503\n|move|p1a: Tinkaton|Gigaton Hammer|p2a: Tsareena\n|-damage|p2a: Tsareena|141/267\n|move|p2a: Tsareena|High Jump Kick|p1a: Tinkaton\n|-damage|p1a: Tinkaton|144/274\n|\n|-heal|p1a: Tinkaton|161/274|[from] item: Leftovers\n|upkeep\n|turn|33\n|\n|t:|1782792506\n|switch|p1a: Gouging Fire|Gouging Fire, L74|181/277\n|move|p2a: Tsareena|Rapid Spin|p1a: Gouging Fire\n|-damage|p1a: Gouging Fire|140/277\n|-boost|p2a: Tsareena|spe|1\n|\n|upkeep\n|turn|34\n|\n|t:|1782792510\n|switch|p2a: Milotic|Milotic, L83, F|274/293\n|move|p1a: Gouging Fire|Morning Sun|p1a: Gouging Fire\n|-heal|p1a: Gouging Fire|277/277\n|\n|-heal|p2a: Milotic|292/293|[from] item: Leftovers\n|upkeep\n|turn|35\n|\n|t:|1782792511\n|move|p2a: Milotic|Scald|p1a: Gouging Fire\n|-damage|p1a: Gouging Fire|189/277\n|move|p1a: Gouging Fire|Dragon Dance|p1a: Gouging Fire\n|-boost|p1a: Gouging Fire|atk|1\n|-boost|p1a: Gouging Fire|spe|1\n|\n|-heal|p2a: Milotic|293/293|[from] item: Leftovers\n|upkeep\n|turn|36\n|\n|t:|1782792514\n|move|p1a: Gouging Fire|Heat Crash|p2a: Milotic\n|-resisted|p2a: Milotic\n|-damage|p2a: Milotic|232/293\n|move|p2a: Milotic|Haze|p2a: Milotic\n|-clearallboost\n|\n|-heal|p2a: Milotic|250/293|[from] item: Leftovers\n|upkeep\n|turn|37\n|\n|t:|1782792515\n|move|p2a: Milotic|Scald|p1a: Gouging Fire\n|-damage|p1a: Gouging Fire|104/277\n|move|p1a: Gouging Fire|Dragon Dance|p1a: Gouging Fire\n|-boost|p1a: Gouging Fire|atk|1\n|-boost|p1a: Gouging Fire|spe|1\n|\n|-heal|p2a: Milotic|268/293|[from] item: Leftovers\n|upkeep\n|turn|38\n|\n|t:|1782792517\n|move|p1a: Gouging Fire|Outrage|p2a: Milotic\n|-damage|p2a: Milotic|87/293\n|move|p2a: Milotic|Haze|p2a: Milotic\n|-clearallboost\n|\n|-heal|p2a: Milotic|105/293|[from] item: Leftovers\n|upkeep\n|turn|39\n|\n|t:|1782792518\n|move|p2a: Milotic|Recover|p2a: Milotic\n|-heal|p2a: Milotic|252/293\n|move|p1a: Gouging Fire|Outrage|p2a: Milotic|[from] lockedmove\n|-damage|p2a: Milotic|120/293\n|\n|-heal|p2a: Milotic|138/293|[from] item: Leftovers\n|upkeep\n|turn|40\n|\n|t:|1782792519\n|move|p2a: Milotic|Scald|p1a: Gouging Fire\n|-damage|p1a: Gouging Fire|14/277\n|move|p1a: Gouging Fire|Outrage|p2a: Milotic|[from] lockedmove\n|-damage|p2a: Milotic|15/293\n|-start|p1a: Gouging Fire|confusion|[fatigue]\n|\n|-heal|p2a: Milotic|33/293|[from] item: Leftovers\n|upkeep\n|turn|41\n|\n|t:|1782792520\n|-end|p1a: Gouging Fire|Protosynthesis|[silent]\n|switch|p1a: Glaceon|Glaceon, L94, F|202/275\n|move|p2a: Milotic|Recover|p2a: Milotic\n|-heal|p2a: Milotic|180/293\n|\n|-heal|p2a: Milotic|198/293|[from] item: Leftovers\n|upkeep\n|turn|42\n|\n|t:|1782792523\n|move|p2a: Milotic|Scald|p1a: Glaceon\n|-damage|p1a: Glaceon|130/275\n|move|p1a: Glaceon|Calm Mind|p1a: Glaceon\n|-boost|p1a: Glaceon|spa|1\n|-boost|p1a: Glaceon|spd|1\n|\n|-heal|p2a: Milotic|216/293|[from] item: Leftovers\n|upkeep\n|turn|43\n|\n|t:|1782792526\n|switch|p2a: Cobalion|Cobalion, L80|34/277\n|move|p1a: Glaceon|Freeze-Dry|p2a: Cobalion\n|-resisted|p2a: Cobalion\n|-damage|p2a: Cobalion|0 fnt\n|faint|p2a: Cobalion\n|\n|upkeep\n|\n|t:|1782792528\n|switch|p2a: Tsareena|Tsareena, L87, F|141/267\n|turn|44\n|\n|t:|1782792529\n|move|p1a: Glaceon|Freeze-Dry|p2a: Tsareena\n|-supereffective|p2a: Tsareena\n|-damage|p2a: Tsareena|0 fnt\n|faint|p2a: Tsareena\n|\n|upkeep\n|\n|t:|1782792531\n|switch|p2a: Pyroar|Pyroar, L88, F|295/295\n|-ability|p2a: Pyroar|Unnerve\n|turn|45\n|\n|t:|1782792533\n|-terastallize|p1a: Glaceon|Water\n|move|p2a: Pyroar|Work Up|p2a: Pyroar\n|-boost|p2a: Pyroar|atk|1\n|-boost|p2a: Pyroar|spa|1\n|move|p1a: Glaceon|Wish|p1a: Glaceon\n|\n|upkeep\n|turn|46\n|\n|t:|1782792536\n|move|p2a: Pyroar|Hyper Voice|p1a: Glaceon\n|-damage|p1a: Glaceon|25/275\n|move|p1a: Glaceon|Calm Mind|p1a: Glaceon\n|-boost|p1a: Glaceon|spa|1\n|-boost|p1a: Glaceon|spd|1\n|\n|-heal|p1a: Glaceon|162/275|[from] move: Wish|[wisher] Glaceon\n|upkeep\n|turn|47\n|\n|t:|1782792537\n|move|p2a: Pyroar|Work Up|p2a: Pyroar\n|-boost|p2a: Pyroar|atk|1\n|-boost|p2a: Pyroar|spa|1\n|move|p1a: Glaceon|Wish|p1a: Glaceon\n|\n|upkeep\n|turn|48\n|\n|t:|1782792554\n|move|p2a: Pyroar|Hyper Voice|p1a: Glaceon\n|-damage|p1a: Glaceon|57/275\n|move|p1a: Glaceon|Freeze-Dry|p2a: Pyroar\n|-resisted|p2a: Pyroar\n|-damage|p2a: Pyroar|147/295\n|\n|-heal|p1a: Glaceon|194/275|[from] move: Wish|[wisher] Glaceon\n|upkeep\n|turn|49\n|\n|t:|1782792558\n|move|p2a: Pyroar|Hyper Voice|p1a: Glaceon\n|-damage|p1a: Glaceon|103/275\n|move|p1a: Glaceon|Calm Mind|p1a: Glaceon\n|-boost|p1a: Glaceon|spa|1\n|-boost|p1a: Glaceon|spd|1\n|\n|upkeep\n|turn|50\n|\n|t:|1782792561\n|switch|p2a: Milotic|Milotic, L83, F|216/293\n|move|p1a: Glaceon|Freeze-Dry|p2a: Milotic\n|-supereffective|p2a: Milotic\n|-damage|p2a: Milotic|0 fnt\n|faint|p2a: Milotic\n|\n|upkeep\n|\n|t:|1782792563\n|switch|p2a: Appletun|Appletun, L92, F|352/352\n|turn|51\n|\n|t:|1782792565\n|-terastallize|p2a: Appletun|Steel\n|move|p1a: Glaceon|Protect|p1a: Glaceon\n|-singleturn|p1a: Glaceon|Protect\n|move|p2a: Appletun|Dragon Tail|p1a: Glaceon\n|-activate|p1a: Glaceon|move: Protect\n|\n|upkeep\n|turn|52\n|\n|t:|1782792567\n|move|p1a: Glaceon|Wish|p1a: Glaceon\n|move|p2a: Appletun|Dragon Tail|p1a: Glaceon|[miss]\n|-miss|p2a: Appletun|p1a: Glaceon\n|\n|upkeep\n|turn|53\n|\n|t:|1782792570\n|move|p1a: Glaceon|Protect|p1a: Glaceon\n|-singleturn|p1a: Glaceon|Protect\n|move|p2a: Appletun|Dragon Tail|p1a: Glaceon\n|-activate|p1a: Glaceon|move: Protect\n|\n|-heal|p1a: Glaceon|240/275|[from] move: Wish|[wisher] Glaceon\n|upkeep\n|turn|54\n|\n|t:|1782792572\n|move|p1a: Glaceon|Wish|p1a: Glaceon\n|move|p2a: Appletun|Dragon Tail|p1a: Glaceon\n|-crit|p1a: Glaceon\n|-damage|p1a: Glaceon|156/275\n|drag|p1a: Tinkaton|Tinkaton, L82, F|161/274\n|-ability|p1a: Tinkaton|Mold Breaker\n|\n|-heal|p1a: Tinkaton|178/274|[from] item: Leftovers\n|upkeep\n|turn|55\n|\n|t:|1782792575\n|switch|p2a: Pyroar|Pyroar, L88, F|147/295\n|-ability|p2a: Pyroar|Unnerve\n|move|p1a: Tinkaton|Gigaton Hammer|p2a: Pyroar\n|-resisted|p2a: Pyroar\n|-damage|p2a: Pyroar|76/295\n|\n|-heal|p1a: Tinkaton|274/274|[from] move: Wish|[wisher] Glaceon\n|upkeep\n|turn|56\n|\n|t:|1782792577\n|switch|p1a: Persian|Persian-Alola, L86, F|252/252\n|move|p2a: Pyroar|Hyper Voice|p1a: Persian\n|-damage|p1a: Persian|113/252\n|\n|-heal|p1a: Persian|128/252|[from] item: Leftovers\n|upkeep\n|turn|57\n|\n|t:|1782792579\n|switch|p2a: Appletun|Appletun, L92, F, tera:Steel|352/352\n|move|p1a: Persian|Hypnosis|p2a: Appletun\n|-status|p2a: Appletun|slp|[from] move: Hypnosis\n|\n|-heal|p1a: Persian|143/252|[from] item: Leftovers\n|upkeep\n|turn|58\n|\n|t:|1782792582\n|move|p1a: Persian|Nasty Plot|p1a: Persian\n|-boost|p1a: Persian|spa|2\n|cant|p2a: Appletun|slp\n|\n|-heal|p1a: Persian|158/252|[from] item: Leftovers\n|upkeep\n|turn|59\n|\n|t:|1782792596\n|move|p1a: Persian|Dark Pulse|p2a: Appletun\n|-damage|p2a: Appletun|210/352 slp\n|-curestatus|p2a: Appletun|slp|[msg]\n|cant|p2a: Appletun|flinch\n|\n|-heal|p1a: Persian|173/252|[from] item: Leftovers\n|-heal|p2a: Appletun|232/352|[from] item: Leftovers\n|upkeep\n|turn|60\n|-message|shamu142 forfeited.\n|\n|win|notmetbh102\n|raw|notmetbh102's rating: 2207 &rarr; <strong>2228</strong><br />(+21 for winning)\n|raw|shamu142's rating: 2233 &rarr; <strong>2212</strong><br />(-21 for losing)\n|c|\u2606notmetbh102|gg\n|l|\u2606shamu142\n|player|p2|\n", "inputlog": ">version f8ac14003a5f27e1bdc8d8c59608a773c1cb96e5\n>start {\"formatid\":\"gen9randombattle\",\"seed\":\"sodium,38a48030a2f69763f57838fbe0dfffe1\",\"rated\":\"Rated battle\"}\n>player p1 {\"name\":\"notmetbh102\",\"avatar\":\"2\",\"rating\":2207,\"seed\":\"sodium,fa8296b53a1215a0ae39706f9170dca8\"}\n>player p2 {\"name\":\"shamu142\",\"avatar\":\"baker\",\"rating\":2233,\"seed\":\"sodium,2412a6b79009387009d524f7d84229a8\"}\n>chat \u2606notmetbh102|hf\n>p1 move playrough\n>p2 switch 6\n>p1 switch 2\n>p2 move scald\n>p1 move freezedry\n>p2 switch 3\n>p1 switch 3\n>p2 move closecombat\n>p1 move sludgebomb\n>p2 switch 2\n>p1 move sludgebomb\n>p2 move facade\n>p1 switch 4\n>p1 move dragondance\n>p2 move closecombat\n>p2 switch 3\n>p1 move morningsun\n>p2 move scald\n>p1 move morningsun\n>p2 move haze\n>p1 move dragondance\n>p2 move scald\n>p1 move morningsun\n>p2 move haze\n>p1 move dragondance\n>p2 move scald\n>p1 move morningsun\n>p2 move haze\n>p1 move dragondance\n>p2 move scald\n>p1 move morningsun\n>p2 move haze\n>p1 move dragondance\n>p2 move scald\n>p1 move morningsun\n>p2 move haze\n>p1 move dragondance\n>p2 move scald\n>p1 move morningsun\n>p2 move haze\n>p1 move dragondance\n>p2 move scald\n>p1 switch 3\n>p2 move haze\n>p1 move freezedry\n>p2 switch 2\n>p1 switch 2\n>p2 move ironhead\n>p1 move playrough\n>p2 switch 2\n>p1 move wish\n>p2 move scald\n>p1 move protect\n>p2 move scald\n>p1 move wish\n>p2 move scald\n>p1 move protect\n>p2 move scald\n>p1 move wish\n>p2 switch 5\n>p1 move yawn\n>p2 move workup\n>p1 switch 5\n>p2 switch 4\n>p1 move gigatonhammer\n>p2 move highjumpkick\n>p1 switch 3\n>p2 move rapidspin\n>p1 move morningsun\n>p2 switch 5\n>p1 move dragondance\n>p2 move scald\n>p1 move heatcrash\n>p2 move haze\n>p1 move dragondance\n>p2 move scald\n>p1 move outrage\n>p2 move haze\n>p1 move outrage\n>p2 move recover\n>p1 move outrage\n>p2 move scald\n>p1 switch 2\n>p2 move recover\n>p1 move calmmind\n>p2 move scald\n>p1 move freezedry\n>p2 switch 2\n>p2 switch 5\n>p1 move freezedry\n>p2 move powerwhip\n>p2 switch 4\n>p1 move wish terastallize\n>p2 move workup\n>p1 move calmmind\n>p2 move hypervoice\n>p1 move wish\n>p2 move workup\n>p1 move freezedry\n>p2 move hypervoice\n>p1 move calmmind\n>p2 move hypervoice\n>p1 move freezedry\n>p2 switch 2\n>p2 switch 6\n>p1 move protect\n>p2 move dragontail terastallize\n>p1 move wish\n>p2 move dragontail\n>p1 move protect\n>p2 move dragontail\n>p1 move wish\n>p2 move dragontail\n>p1 move gigatonhammer\n>p2 switch 2\n>p1 switch 6\n>p2 move hypervoice\n>p1 move hypnosis\n>p2 switch 2\n>p1 move nastyplot\n>p2 move dracometeor\n>p1 move darkpulse\n>p2 move dragontail\n>forcelose p2", "uploadtime": 1782792405, "views": 4, "formatid": "gen9randombattle", "rating": 2212, "private": 0, "password": null, "player_dets": [{"name": "notmetbh102", "avatar": "2", "rating": 2207, "seed": "sodium,fa8296b53a1215a0ae39706f9170dca8"}, {"name": "shamu142", "avatar": "baker", "rating": 2233, "seed": "sodium,2412a6b79009387009d524f7d84229a8"}], "teams_full": [{"Dachsbun": {"name": "Dachsbun", "species": "Dachsbun", "speciesId": "dachsbun", "gender": "M", "shiny": false, "level": 92, "moves": ["yawn", "protect", "wish", "playrough"], "ability": "Well-Baked Body", "evs": {"hp": 85, "atk": 85, "def": 85, "spa": 85, "spd": 85, "spe": 85}, "ivs": {"hp": 31, "atk": 31, "def": 31, "spa": 31, "spd": 31, "spe": 31}, "item": "Leftovers", "teraType": "Steel", "role": "Bulky Support", "bvs": {"hp": 57, "atk": 80, "def": 115, "spa": 50, "spd": 80, "spe": 95}, "stats": {"hp": 254, "atk": 200, "def": 264, "spa": 144, "spd": 200, "spe": 227}, "types": ["Fairy"]}, "Glaceon": {"name": "Glaceon", "species": "Glaceon", "speciesId": "glaceon", "gender": "F", "shiny": false, "level": 94, "moves": ["calmmind", "freezedry", "wish", "protect"], "ability": "Ice Body", "evs": {"hp": 85, "atk": 0, "def": 85, "spa": 85, "spd": 85, "spe": 85}, "ivs": {"hp": 31, "atk": 0, "def": 31, "spa": 31, "spd": 31, "spe": 31}, "item": "Heavy-Duty Boots", "teraType": "Water", "role": "Bulky Setup", "bvs": {"hp": 65, "atk": 60, "def": 110, "spa": 130, "spd": 95, "spe": 65}, "stats": {"hp": 275, "atk": 117, "def": 260, "spa": 298, "spd": 232, "spe": 176}, "types": ["Ice"]}, "Eternatus": {"name": "Eternatus", "species": "Eternatus", "speciesId": "eternatus", "gender": "N", "shiny": false, "level": 69, "moves": ["dynamaxcannon", "recover", "fireblast", "sludgebomb"], "ability": "Pressure", "evs": {"hp": 85, "atk": 0, "def": 85, "spa": 85, "spd": 85, "spe": 85}, "ivs": {"hp": 31, "atk": 0, "def": 31, "spa": 31, "spd": 31, "spe": 31}, "item": "Rocky Helmet", "teraType": "Fire", "role": "Bulky Attacker", "bvs": {"hp": 140, "atk": 85, "def": 95, "spa": 145, "spd": 95, "spe": 130}, "stats": {"hp": 308, "atk": 122, "def": 171, "spa": 240, "spd": 171, "spe": 220}, "types": ["Poison", "Dragon"]}, "Gouging Fire": {"name": "Gouging Fire", "species": "Gouging Fire", "speciesId": "gougingfire", "gender": "N", "shiny": false, "level": 74, "moves": ["heatcrash", "dragondance", "outrage", "morningsun"], "ability": "Protosynthesis", "evs": {"hp": 85, "atk": 85, "def": 85, "spa": 85, "spd": 85, "spe": 85}, "ivs": {"hp": 31, "atk": 31, "def": 31, "spa": 31, "spd": 31, "spe": 31}, "item": "Heavy-Duty Boots", "teraType": "Fairy", "role": "Bulky Setup", "bvs": {"hp": 105, "atk": 115, "def": 121, "spa": 65, "spd": 93, "spe": 91}, "stats": {"hp": 277, "atk": 213, "def": 222, "spa": 139, "spd": 181, "spe": 178}, "types": ["Fire", "Dragon"]}, "Tinkaton": {"name": "Tinkaton", "species": "Tinkaton", "speciesId": "tinkaton", "gender": "F", "shiny": false, "level": 82, "moves": ["knockoff", "gigatonhammer", "playrough", "stealthrock"], "ability": "Mold Breaker", "evs": {"hp": 85, "atk": 85, "def": 85, "spa": 85, "spd": 85, "spe": 85}, "ivs": {"hp": 31, "atk": 31, "def": 31, "spa": 31, "spd": 31, "spe": 31}, "item": "Leftovers", "teraType": "Water", "role": "Bulky Attacker", "bvs": {"hp": 85, "atk": 75, "def": 77, "spa": 70, "spd": 105, "spe": 94}, "stats": {"hp": 274, "atk": 170, "def": 173, "spa": 162, "spd": 219, "spe": 201}, "types": ["Fairy", "Steel"]}, "Persian": {"name": "Persian", "species": "Persian-Alola", "speciesId": "persianalola", "gender": "F", "shiny": false, "level": 86, "moves": ["nastyplot", "thunderbolt", "hypnosis", "darkpulse"], "ability": "Fur Coat", "evs": {"hp": 85, "atk": 0, "def": 85, "spa": 85, "spd": 85, "spe": 85}, "ivs": {"hp": 31, "atk": 0, "def": 31, "spa": 31, "spd": 31, "spe": 31}, "item": "Leftovers", "teraType": "Electric", "role": "Fast Bulky Setup", "bvs": {"hp": 65, "atk": 60, "def": 60, "spa": 75, "spd": 65, "spe": 115}, "stats": {"hp": 252, "atk": 108, "def": 152, "spa": 178, "spd": 161, "spe": 247}, "types": ["Dark"]}}, {"Appletun": {"name": "Appletun", "species": "Appletun", "speciesId": "appletun", "gender": "F", "shiny": false, "level": 92, "moves": ["dragontail", "dracometeor", "recover", "appleacid"], "ability": "Thick Fat", "evs": {"hp": 85, "atk": 85, "def": 85, "spa": 85, "spd": 85, "spe": 85}, "ivs": {"hp": 31, "atk": 31, "def": 31, "spa": 31, "spd": 31, "spe": 31}, "item": "Leftovers", "teraType": "Steel", "role": "Bulky Attacker", "bvs": {"hp": 110, "atk": 85, "def": 80, "spa": 100, "spd": 80, "spe": 30}, "stats": {"hp": 352, "atk": 209, "def": 200, "spa": 236, "spd": 200, "spe": 108}, "types": ["Grass", "Dragon"]}, "Conkeldurr": {"name": "Conkeldurr", "species": "Conkeldurr", "speciesId": "conkeldurr", "gender": "F", "shiny": false, "level": 80, "moves": ["knockoff", "machpunch", "closecombat", "facade"], "ability": "Guts", "evs": {"hp": 85, "atk": 85, "def": 85, "spa": 85, "spd": 85, "spe": 85}, "ivs": {"hp": 31, "atk": 31, "def": 31, "spa": 31, "spd": 31, "spe": 31}, "item": "Flame Orb", "teraType": "Normal", "role": "Wallbreaker", "bvs": {"hp": 105, "atk": 140, "def": 95, "spa": 55, "spd": 65, "spe": 45}, "stats": {"hp": 299, "atk": 270, "def": 198, "spa": 134, "spd": 150, "spe": 118}, "types": ["Fighting"]}, "Cobalion": {"name": "Cobalion", "species": "Cobalion", "speciesId": "cobalion", "gender": "N", "shiny": false, "level": 80, "moves": ["swordsdance", "stoneedge", "closecombat", "ironhead"], "ability": "Justified", "evs": {"hp": 85, "atk": 85, "def": 85, "spa": 85, "spd": 85, "spe": 85}, "ivs": {"hp": 31, "atk": 31, "def": 31, "spa": 31, "spd": 31, "spe": 31}, "item": "Life Orb", "teraType": "Fighting", "role": "Fast Bulky Setup", "bvs": {"hp": 91, "atk": 90, "def": 129, "spa": 90, "spd": 72, "spe": 108}, "stats": {"hp": 277, "atk": 190, "def": 253, "spa": 190, "spd": 161, "spe": 219}, "types": ["Steel", "Fighting"]}, "Tsareena": {"name": "Tsareena", "species": "Tsareena", "speciesId": "tsareena", "gender": "F", "shiny": false, "level": 87, "moves": ["rapidspin", "powerwhip", "highjumpkick", "knockoff"], "ability": "Queenly Majesty", "evs": {"hp": 85, "atk": 85, "def": 85, "spa": 85, "spd": 85, "spe": 85}, "ivs": {"hp": 31, "atk": 31, "def": 31, "spa": 31, "spd": 31, "spe": 31}, "item": "Assault Vest", "teraType": "Steel", "role": "Fast Support", "bvs": {"hp": 72, "atk": 120, "def": 98, "spa": 50, "spd": 98, "spe": 72}, "stats": {"hp": 267, "atk": 259, "def": 220, "spa": 137, "spd": 220, "spe": 175}, "types": ["Grass"]}, "Pyroar": {"name": "Pyroar", "species": "Pyroar", "speciesId": "pyroar", "gender": "F", "shiny": false, "level": 88, "moves": ["darkpulse", "fireblast", "hypervoice", "workup"], "ability": "Unnerve", "evs": {"hp": 85, "atk": 0, "def": 85, "spa": 85, "spd": 85, "spe": 85}, "ivs": {"hp": 31, "atk": 0, "def": 31, "spa": 31, "spd": 31, "spe": 31}, "item": "Heavy-Duty Boots", "teraType": "Fire", "role": "Fast Attacker", "bvs": {"hp": 86, "atk": 68, "def": 72, "spa": 109, "spd": 66, "spe": 106}, "stats": {"hp": 295, "atk": 124, "def": 177, "spa": 242, "spd": 166, "spe": 237}, "types": ["Fire", "Normal"]}, "Milotic": {"name": "Milotic", "species": "Milotic", "speciesId": "milotic", "gender": "F", "shiny": false, "level": 83, "moves": ["scald", "icebeam", "recover", "haze"], "ability": "Competitive", "evs": {"hp": 85, "atk": 0, "def": 85, "spa": 85, "spd": 85, "spe": 85}, "ivs": {"hp": 31, "atk": 0, "def": 31, "spa": 31, "spd": 31, "spe": 31}, "item": "Leftovers", "teraType": "Steel", "role": "Bulky Attacker", "bvs": {"hp": 95, "atk": 60, "def": 79, "spa": 100, "spd": 125, "spe": 81}, "stats": {"hp": 293, "atk": 104, "def": 179, "spa": 214, "spd": 255, "spe": 182}, "types": ["Water"]}}]}