{"id": "gen9randombattle-2641142113", "format": "[Gen 9] Random Battle", "players": ["KTHAN0S", "VeryXtraCrunchy"], "log": "|j|\u2606KTHAN0S\n|j|\u2606VeryXtraCrunchy\n|t:|1782745717\n|gametype|singles\n|player|p1|KTHAN0S|hooligans|1648\n|player|p2|VeryXtraCrunchy|shauntal|1668\n|gen|9\n|tier|[Gen 9] Random Battle\n|rated|\n|rule|Species Clause: Limit one of each Pok\u00e9mon\n|rule|HP Percentage Mod: HP is shown in percentages\n|rule|Sleep Clause Mod: Limit one foe put to sleep\n|rule|Illusion Level Mod: Illusion disguises the Pok\u00e9mon's true level\n|\n|t:|1782745717\n|teamsize|p1|6\n|teamsize|p2|6\n|start\n|switch|p1a: Toxapex|Toxapex, L82, M|216/216\n|switch|p2a: Terapagos|Terapagos, L77, F|265/265\n|-activate|p2a: Terapagos|ability: Tera Shift\n|detailschange|p2a: Terapagos|Terapagos-Terastal, L77, F\n|-heal|p2a: Terapagos|273/273|[silent]\n|turn|1\n|inactive|Battle timer is ON: inactive players will automatically lose when time's up. (requested by VeryXtraCrunchy)\n|inactive|KTHAN0S also wants the timer to be on.\n|\n|t:|1782745729\n|move|p2a: Terapagos|Calm Mind|p2a: Terapagos\n|-boost|p2a: Terapagos|spa|1\n|-boost|p2a: Terapagos|spd|1\n|move|p1a: Toxapex|Liquidation|p2a: Terapagos\n|-activate|p2a: Terapagos|ability: Tera Shell\n|-resisted|p2a: Terapagos\n|-damage|p2a: Terapagos|246/273\n|\n|upkeep\n|turn|2\n|\n|t:|1782745736\n|move|p2a: Terapagos|Calm Mind|p2a: Terapagos\n|-boost|p2a: Terapagos|spa|1\n|-boost|p2a: Terapagos|spd|1\n|move|p1a: Toxapex|Haze|p1a: Toxapex\n|-clearallboost\n|\n|upkeep\n|turn|3\n|\n|t:|1782745741\n|move|p2a: Terapagos|Calm Mind|p2a: Terapagos\n|-boost|p2a: Terapagos|spa|1\n|-boost|p2a: Terapagos|spd|1\n|move|p1a: Toxapex|Liquidation|p2a: Terapagos\n|-damage|p2a: Terapagos|192/273\n|\n|upkeep\n|turn|4\n|\n|t:|1782745747\n|switch|p1a: Chansey|Chansey, L85, F|564/564\n|move|p2a: Terapagos|Tera Starstorm|p1a: Chansey\n|-damage|p1a: Chansey|470/564\n|\n|upkeep\n|turn|5\n|\n|t:|1782745756\n|switch|p2a: Groudon|Groudon, L72|263/263\n|-weather|SunnyDay|[from] ability: Drought|[of] p2a: Groudon\n|move|p1a: Chansey|Thunder Wave|p2a: Groudon\n|-immune|p2a: Groudon\n|\n|-weather|SunnyDay|[upkeep]\n|upkeep\n|turn|6\n|\n|t:|1782745763\n|switch|p1a: Heatran|Heatran, L79, F|273/273\n|-item|p1a: Heatran|Air Balloon\n|move|p2a: Groudon|Thunder Wave|p1a: Heatran\n|-status|p1a: Heatran|par\n|\n|-weather|SunnyDay|[upkeep]\n|upkeep\n|turn|7\n|\n|t:|1782745770\n|move|p2a: Groudon|Heat Crash|p1a: Heatran\n|-start|p1a: Heatran|ability: Flash Fire\n|move|p1a: Heatran|Stealth Rock|p2a: Groudon\n|-sidestart|p2: VeryXtraCrunchy|move: Stealth Rock\n|\n|-weather|SunnyDay|[upkeep]\n|upkeep\n|turn|8\n|\n|t:|1782745777\n|switch|p2a: Ludicolo|Ludicolo, L90, F|290/290\n|-damage|p2a: Ludicolo|254/290|[from] Stealth Rock\n|move|p1a: Heatran|Magma Storm|p2a: Ludicolo|[miss]\n|-miss|p1a: Heatran|p2a: Ludicolo\n|\n|-weather|SunnyDay|[upkeep]\n|upkeep\n|turn|9\n|\n|t:|1782745792\n|switch|p2a: Terapagos|Terapagos-Terastal, L77, F|192/273\n|-end|p1a: Heatran|ability: Flash Fire|[silent]\n|switch|p1a: Chansey|Chansey, L85, F|470/564\n|\n|-weather|none\n|upkeep\n|turn|10\n|\n|t:|1782745797\n|move|p2a: Terapagos|Rapid Spin|p1a: Chansey\n|-damage|p1a: Chansey|368/564\n|-boost|p2a: Terapagos|spe|1\n|-sideend|p2: VeryXtraCrunchy|Stealth Rock|[from] move: Rapid Spin|[of] p2a: Terapagos\n|move|p1a: Chansey|Thunder Wave|p2a: Terapagos\n|-status|p2a: Terapagos|par\n|\n|upkeep\n|turn|11\n|\n|t:|1782745806\n|switch|p2a: Ludicolo|Ludicolo, L90, F|254/290\n|move|p1a: Chansey|Seismic Toss|p2a: Ludicolo\n|-damage|p2a: Ludicolo|169/290\n|\n|upkeep\n|turn|12\n|\n|t:|1782745811\n|move|p2a: Ludicolo|Hydro Pump|p1a: Chansey|[miss]\n|-miss|p2a: Ludicolo|p1a: Chansey\n|move|p1a: Chansey|Thunder Wave|p2a: Ludicolo\n|-status|p2a: Ludicolo|par\n|\n|upkeep\n|turn|13\n|\n|t:|1782745814\n|move|p1a: Chansey|Soft-Boiled|p1a: Chansey\n|-heal|p1a: Chansey|564/564\n|move|p2a: Ludicolo|Hydro Pump|p1a: Chansey\n|-damage|p1a: Chansey|452/564\n|\n|upkeep\n|turn|14\n|\n|t:|1782745816\n|move|p1a: Chansey|Seismic Toss|p2a: Ludicolo\n|-damage|p2a: Ludicolo|84/290 par\n|cant|p2a: Ludicolo|par\n|\n|upkeep\n|turn|15\n|\n|t:|1782745819\n|move|p1a: Chansey|Seismic Toss|p2a: Ludicolo\n|-damage|p2a: Ludicolo|0 fnt\n|faint|p2a: Ludicolo\n|\n|upkeep\n|\n|t:|1782745822\n|switch|p2a: Overqwil|Overqwil, L82, F|274/274\n|-ability|p2a: Overqwil|Intimidate|boost\n|-unboost|p1a: Chansey|atk|1\n|turn|16\n|\n|t:|1782745830\n|switch|p1a: Toxapex|Toxapex, L82, M|216/216\n|move|p2a: Overqwil|Swords Dance|p2a: Overqwil\n|-boost|p2a: Overqwil|atk|2\n|\n|upkeep\n|turn|17\n|\n|t:|1782745835\n|-terastallize|p2a: Overqwil|Dragon\n|move|p2a: Overqwil|Scale Shot|p1a: Toxapex\n|-damage|p1a: Toxapex|173/216\n|-damage|p1a: Toxapex|136/216\n|-damage|p1a: Toxapex|94/216\n|-damage|p1a: Toxapex|57/216\n|-damage|p1a: Toxapex|18/216\n|-hitcount|p1a: Toxapex|5\n|-unboost|p2a: Overqwil|def|1\n|-boost|p2a: Overqwil|spe|1\n|move|p1a: Toxapex|Haze|p1a: Toxapex\n|-clearallboost\n|\n|-heal|p1a: Toxapex|31/216|[from] item: Leftovers\n|upkeep\n|turn|18\n|\n|t:|1782745849\n|switch|p1a: Palkia|Palkia-Origin, L72|249/249\n|-ability|p1a: Palkia|Pressure\n|move|p2a: Overqwil|Crunch|p1a: Palkia\n|-damage|p1a: Palkia|158/249\n|\n|upkeep\n|turn|19\n|\n|t:|1782745856\n|switch|p2a: Florges|Florges, L85, F|271/271\n|move|p1a: Palkia|Spacial Rend|p2a: Florges\n|-immune|p2a: Florges\n|\n|upkeep\n|turn|20\n|\n|t:|1782745862\n|switch|p1a: Toxapex|Toxapex, L82, M|103/216\n|move|p2a: Florges|Moonblast|p1a: Toxapex\n|-resisted|p1a: Toxapex\n|-damage|p1a: Toxapex|61/216\n|\n|-heal|p1a: Toxapex|74/216|[from] item: Leftovers\n|upkeep\n|turn|21\n|\n|t:|1782745871\n|switch|p2a: Terapagos|Terapagos-Terastal, L77, F|192/273 par\n|move|p1a: Toxapex|Recover|p1a: Toxapex\n|-heal|p1a: Toxapex|182/216\n|\n|-heal|p1a: Toxapex|195/216|[from] item: Leftovers\n|upkeep\n|turn|22\n|\n|t:|1782745876\n|switch|p1a: Chansey|Chansey, L85, F|452/564\n|move|p2a: Terapagos|Tera Starstorm|p1a: Chansey\n|-damage|p1a: Chansey|382/564\n|\n|upkeep\n|turn|23\n|\n|t:|1782745880\n|move|p1a: Chansey|Seismic Toss|p2a: Terapagos\n|-damage|p2a: Terapagos|107/273 par\n|move|p2a: Terapagos|Rapid Spin|p1a: Chansey\n|-damage|p1a: Chansey|286/564\n|-boost|p2a: Terapagos|spe|1\n|\n|upkeep\n|turn|24\n|\n|t:|1782745884\n|move|p1a: Chansey|Soft-Boiled|p1a: Chansey\n|-heal|p1a: Chansey|564/564\n|move|p2a: Terapagos|Rapid Spin|p1a: Chansey\n|-damage|p1a: Chansey|456/564\n|-boost|p2a: Terapagos|spe|1\n|\n|upkeep\n|turn|25\n|\n|t:|1782745902\n|move|p2a: Terapagos|Rapid Spin|p1a: Chansey\n|-damage|p1a: Chansey|353/564\n|-boost|p2a: Terapagos|spe|1\n|move|p1a: Chansey|Seismic Toss|p2a: Terapagos\n|-damage|p2a: Terapagos|22/273 par\n|\n|upkeep\n|turn|26\n|\n|t:|1782745908\n|move|p2a: Terapagos|Rapid Spin|p1a: Chansey\n|-damage|p1a: Chansey|247/564\n|-boost|p2a: Terapagos|spe|1\n|move|p1a: Chansey|Soft-Boiled|p1a: Chansey\n|-heal|p1a: Chansey|529/564\n|\n|upkeep\n|turn|27\n|\n|t:|1782745912\n|cant|p2a: Terapagos|par\n|move|p1a: Chansey|Seismic Toss|p2a: Terapagos\n|-damage|p2a: Terapagos|0 fnt\n|faint|p2a: Terapagos\n|\n|upkeep\n|\n|t:|1782745915\n|switch|p2a: Overqwil|Overqwil, L82, F, tera:Dragon|274/274\n|-ability|p2a: Overqwil|Intimidate|boost\n|-unboost|p1a: Chansey|atk|1\n|turn|28\n|\n|t:|1782745921\n|switch|p1a: Toxapex|Toxapex, L82, M|216/216\n|move|p2a: Overqwil|Scale Shot|p1a: Toxapex\n|-crit|p1a: Toxapex\n|-damage|p1a: Toxapex|188/216\n|-damage|p1a: Toxapex|167/216\n|-crit|p1a: Toxapex\n|-damage|p1a: Toxapex|137/216\n|-damage|p1a: Toxapex|118/216\n|-damage|p1a: Toxapex|96/216\n|-hitcount|p1a: Toxapex|5\n|-unboost|p2a: Overqwil|def|1\n|-boost|p2a: Overqwil|spe|1\n|\n|-heal|p1a: Toxapex|109/216|[from] item: Leftovers\n|upkeep\n|turn|29\n|\n|t:|1782745940\n|move|p2a: Overqwil|Swords Dance|p2a: Overqwil\n|-boost|p2a: Overqwil|atk|2\n|move|p1a: Toxapex|Recover|p1a: Toxapex\n|-heal|p1a: Toxapex|216/216\n|\n|upkeep\n|turn|30\n|\n|t:|1782745944\n|move|p2a: Overqwil|Swords Dance|p2a: Overqwil\n|-boost|p2a: Overqwil|atk|2\n|move|p1a: Toxapex|Haze|p1a: Toxapex\n|-clearallboost\n|\n|upkeep\n|turn|31\n|\n|t:|1782745949\n|move|p2a: Overqwil|Swords Dance|p2a: Overqwil\n|-boost|p2a: Overqwil|atk|2\n|move|p1a: Toxapex|Toxic Spikes|p2a: Overqwil\n|-sidestart|p2: VeryXtraCrunchy|move: Toxic Spikes\n|\n|upkeep\n|turn|32\n|\n|t:|1782745954\n|move|p2a: Overqwil|Scale Shot|p1a: Toxapex\n|-damage|p1a: Toxapex|174/216\n|-damage|p1a: Toxapex|135/216\n|-damage|p1a: Toxapex|98/216\n|-damage|p1a: Toxapex|61/216\n|-damage|p1a: Toxapex|21/216\n|-hitcount|p1a: Toxapex|5\n|-unboost|p2a: Overqwil|def|1\n|-boost|p2a: Overqwil|spe|1\n|move|p1a: Toxapex|Haze|p1a: Toxapex\n|-clearallboost\n|\n|-heal|p1a: Toxapex|34/216|[from] item: Leftovers\n|upkeep\n|turn|33\n|\n|t:|1782745965\n|switch|p1a: Palkia|Palkia-Origin, L72|158/249\n|-ability|p1a: Palkia|Pressure\n|move|p2a: Overqwil|Swords Dance|p2a: Overqwil\n|-boost|p2a: Overqwil|atk|2\n|\n|upkeep\n|turn|34\n|\n|t:|1782745971\n|switch|p2a: Florges|Florges, L85, F|271/271\n|-status|p2a: Florges|psn\n|move|p1a: Palkia|Spacial Rend|p2a: Florges\n|-immune|p2a: Florges\n|\n|-damage|p2a: Florges|238/271 psn|[from] psn\n|upkeep\n|turn|35\n|\n|t:|1782745977\n|switch|p1a: Chansey|Chansey, L85, F|529/564\n|move|p2a: Florges|Moonblast|p1a: Chansey\n|-damage|p1a: Chansey|459/564\n|\n|-heal|p2a: Florges|254/271 psn|[from] item: Leftovers\n|-damage|p2a: Florges|221/271 psn|[from] psn\n|upkeep\n|turn|36\n|\n|t:|1782745983\n|move|p2a: Florges|Moonblast|p1a: Chansey\n|-damage|p1a: Chansey|387/564\n|move|p1a: Chansey|Thunder Wave|p2a: Florges|[miss]\n|-miss|p1a: Chansey|p2a: Florges\n|\n|-heal|p2a: Florges|237/271 psn|[from] item: Leftovers\n|-damage|p2a: Florges|204/271 psn|[from] psn\n|upkeep\n|turn|37\n|\n|t:|1782745990\n|move|p2a: Florges|Moonblast|p1a: Chansey\n|-damage|p1a: Chansey|318/564\n|move|p1a: Chansey|Thunder Wave||[still]\n|-fail|p1a: Chansey\n|\n|-heal|p2a: Florges|220/271 psn|[from] item: Leftovers\n|-damage|p2a: Florges|187/271 psn|[from] psn\n|upkeep\n|turn|38\n|\n|t:|1782745993\n|move|p2a: Florges|Calm Mind|p2a: Florges\n|-boost|p2a: Florges|spa|1\n|-boost|p2a: Florges|spd|1\n|move|p1a: Chansey|Soft-Boiled|p1a: Chansey\n|-heal|p1a: Chansey|564/564\n|\n|-heal|p2a: Florges|203/271 psn|[from] item: Leftovers\n|-damage|p2a: Florges|170/271 psn|[from] psn\n|upkeep\n|turn|39\n|\n|t:|1782745998\n|move|p2a: Florges|Calm Mind|p2a: Florges\n|-boost|p2a: Florges|spa|1\n|-boost|p2a: Florges|spd|1\n|move|p1a: Chansey|Seismic Toss|p2a: Florges\n|-damage|p2a: Florges|85/271 psn\n|\n|-heal|p2a: Florges|101/271 psn|[from] item: Leftovers\n|-damage|p2a: Florges|68/271 psn|[from] psn\n|upkeep\n|turn|40\n|\n|t:|1782746005\n|move|p2a: Florges|Moonblast|p1a: Chansey\n|-damage|p1a: Chansey|435/564\n|move|p1a: Chansey|Seismic Toss|p2a: Florges\n|-damage|p2a: Florges|0 fnt\n|faint|p2a: Florges\n|\n|upkeep\n|\n|t:|1782746015\n|switch|p2a: Overqwil|Overqwil, L82, F, tera:Dragon|274/274\n|-status|p2a: Overqwil|psn\n|-ability|p2a: Overqwil|Intimidate|boost\n|-unboost|p1a: Chansey|atk|1\n|turn|41\n|\n|t:|1782746019\n|move|p2a: Overqwil|Scale Shot|p1a: Chansey\n|-crit|p1a: Chansey\n|-damage|p1a: Chansey|336/564\n|-damage|p1a: Chansey|267/564\n|-damage|p1a: Chansey|203/564\n|-damage|p1a: Chansey|139/564\n|-damage|p1a: Chansey|75/564\n|-hitcount|p1a: Chansey|5\n|-unboost|p2a: Overqwil|def|1\n|-boost|p2a: Overqwil|spe|1\n|move|p1a: Chansey|Thunder Wave||[still]\n|-fail|p1a: Chansey\n|\n|-damage|p2a: Overqwil|240/274 psn|[from] psn\n|upkeep\n|turn|42\n|\n|t:|1782746034\n|move|p2a: Overqwil|Swords Dance|p2a: Overqwil\n|-boost|p2a: Overqwil|atk|2\n|move|p1a: Chansey|Seismic Toss|p2a: Overqwil\n|-damage|p2a: Overqwil|155/274 psn\n|\n|-damage|p2a: Overqwil|121/274 psn|[from] psn\n|upkeep\n|turn|43\n|\n|t:|1782746039\n|move|p2a: Overqwil|Crunch|p1a: Chansey\n|-damage|p1a: Chansey|0 fnt\n|faint|p1a: Chansey\n|\n|-damage|p2a: Overqwil|87/274 psn|[from] psn\n|upkeep\n|\n|t:|1782746044\n|switch|p1a: Toxapex|Toxapex, L82, M|106/216\n|turn|44\n|\n|t:|1782746052\n|switch|p1a: Palkia|Palkia-Origin, L72|158/249\n|-ability|p1a: Palkia|Pressure\n|move|p2a: Overqwil|Scale Shot|p1a: Palkia\n|-supereffective|p1a: Palkia\n|-damage|p1a: Palkia|26/249\n|-supereffective|p1a: Palkia\n|-damage|p1a: Palkia|0 fnt\n|faint|p1a: Palkia\n|-hitcount|p1: Palkia|2\n|-unboost|p2a: Overqwil|def|1\n|-boost|p2a: Overqwil|spe|1\n|\n|-damage|p2a: Overqwil|53/274 psn|[from] psn\n|upkeep\n|\n|t:|1782746054\n|switch|p1a: Raging Bolt|Raging Bolt, L78|323/323\n|turn|45\n|\n|t:|1782746068\n|move|p1a: Raging Bolt|Thunderclap|p2a: Overqwil\n|-resisted|p2a: Overqwil\n|-damage|p2a: Overqwil|0 fnt\n|faint|p2a: Overqwil\n|\n|upkeep\n|\n|t:|1782746073\n|switch|p2a: Comfey|Comfey, L85, M|225/225\n|-status|p2a: Comfey|psn\n|turn|46\n|\n|t:|1782746077\n|-end|p1a: Raging Bolt|Protosynthesis|[silent]\n|switch|p1a: Toxapex|Toxapex, L82, M|178/216\n|move|p2a: Comfey|Calm Mind|p2a: Comfey\n|-boost|p2a: Comfey|spa|1\n|-boost|p2a: Comfey|spd|1\n|\n|-heal|p1a: Toxapex|191/216|[from] item: Leftovers\n|-damage|p2a: Comfey|197/225 psn|[from] psn\n|upkeep\n|turn|47\n|\n|t:|1782746087\n|move|p2a: Comfey|Stored Power|p1a: Toxapex\n|-supereffective|p1a: Toxapex\n|-damage|p1a: Toxapex|109/216\n|move|p1a: Toxapex|Haze|p1a: Toxapex\n|-clearallboost\n|\n|-heal|p2a: Comfey|211/225 psn|[from] item: Leftovers\n|-heal|p1a: Toxapex|122/216|[from] item: Leftovers\n|-damage|p2a: Comfey|183/225 psn|[from] psn\n|upkeep\n|turn|48\n|\n|t:|1782746092\n|move|p2a: Comfey|Calm Mind|p2a: Comfey\n|-boost|p2a: Comfey|spa|1\n|-boost|p2a: Comfey|spd|1\n|move|p1a: Toxapex|Recover|p1a: Toxapex\n|-heal|p1a: Toxapex|216/216\n|\n|-heal|p2a: Comfey|197/225 psn|[from] item: Leftovers\n|-damage|p2a: Comfey|169/225 psn|[from] psn\n|upkeep\n|turn|49\n|\n|t:|1782746098\n|move|p2a: Comfey|Stored Power|p1a: Toxapex\n|-supereffective|p1a: Toxapex\n|-damage|p1a: Toxapex|136/216\n|move|p1a: Toxapex|Haze|p1a: Toxapex\n|-clearallboost\n|\n|-heal|p2a: Comfey|183/225 psn|[from] item: Leftovers\n|-heal|p1a: Toxapex|149/216|[from] item: Leftovers\n|-damage|p2a: Comfey|155/225 psn|[from] psn\n|upkeep\n|turn|50\n|\n|t:|1782746103\n|move|p2a: Comfey|Calm Mind|p2a: Comfey\n|-boost|p2a: Comfey|spa|1\n|-boost|p2a: Comfey|spd|1\n|move|p1a: Toxapex|Liquidation|p2a: Comfey\n|-damage|p2a: Comfey|95/225 psn\n|\n|-heal|p2a: Comfey|109/225 psn|[from] item: Leftovers\n|-heal|p1a: Toxapex|162/216|[from] item: Leftovers\n|-damage|p2a: Comfey|81/225 psn|[from] psn\n|upkeep\n|turn|51\n|\n|t:|1782746108\n|move|p2a: Comfey|Stored Power|p1a: Toxapex\n|-supereffective|p1a: Toxapex\n|-damage|p1a: Toxapex|74/216\n|move|p1a: Toxapex|Haze|p1a: Toxapex\n|-clearallboost\n|\n|-heal|p2a: Comfey|95/225 psn|[from] item: Leftovers\n|-heal|p1a: Toxapex|87/216|[from] item: Leftovers\n|-damage|p2a: Comfey|67/225 psn|[from] psn\n|upkeep\n|turn|52\n|\n|t:|1782746113\n|move|p2a: Comfey|Giga Drain|p1a: Toxapex\n|-damage|p1a: Toxapex|53/216\n|-heal|p2a: Comfey|84/225 psn|[from] drain|[of] p1a: Toxapex\n|move|p1a: Toxapex|Recover|p1a: Toxapex\n|-heal|p1a: Toxapex|161/216\n|\n|-heal|p2a: Comfey|98/225 psn|[from] item: Leftovers\n|-heal|p1a: Toxapex|174/216|[from] item: Leftovers\n|-damage|p2a: Comfey|70/225 psn|[from] psn\n|upkeep\n|turn|53\n|\n|t:|1782746119\n|move|p2a: Comfey|Calm Mind|p2a: Comfey\n|-boost|p2a: Comfey|spa|1\n|-boost|p2a: Comfey|spd|1\n|move|p1a: Toxapex|Liquidation|p2a: Comfey\n|-damage|p2a: Comfey|9/225 psn\n|\n|-heal|p2a: Comfey|23/225 psn|[from] item: Leftovers\n|-heal|p1a: Toxapex|187/216|[from] item: Leftovers\n|-damage|p2a: Comfey|0 fnt|[from] psn\n|faint|p2a: Comfey\n|upkeep\n|\n|t:|1782746120\n|switch|p2a: Groudon|Groudon, L72|263/263\n|-status|p2a: Groudon|psn\n|-weather|SunnyDay|[from] ability: Drought|[of] p2a: Groudon\n|turn|54\n|\n|t:|1782746124\n|switch|p1a: Heatran|Heatran, L79, F|273/273 par\n|-item|p1a: Heatran|Air Balloon\n|move|p2a: Groudon|Precipice Blades|p1a: Heatran\n|-immune|p1a: Heatran\n|\n|-weather|SunnyDay|[upkeep]\n|-damage|p2a: Groudon|231/263 psn|[from] psn\n|upkeep\n|turn|55\n|\n|t:|1782746128\n|move|p2a: Groudon|Swords Dance|p2a: Groudon\n|-boost|p2a: Groudon|atk|2\n|move|p1a: Heatran|Magma Storm|p2a: Groudon\n|-damage|p2a: Groudon|41/263 psn\n|-activate|p2a: Groudon|move: Magma Storm|[of] p1a: Heatran\n|\n|-weather|SunnyDay|[upkeep]\n|-heal|p2a: Groudon|57/263 psn|[from] item: Leftovers\n|-damage|p2a: Groudon|25/263 psn|[from] psn\n|-damage|p2a: Groudon|0 fnt|[from] move: Magma Storm|[partiallytrapped]\n|faint|p2a: Groudon\n|\n|win|KTHAN0S\n|raw|KTHAN0S's rating: 1648 &rarr; <strong>1669</strong><br />(+21 for winning)\n|raw|VeryXtraCrunchy's rating: 1668 &rarr; <strong>1647</strong><br />(-21 for losing)\n|l|\u2606VeryXtraCrunchy\n|player|p2|\n", "inputlog": ">version f8ac14003a5f27e1bdc8d8c59608a773c1cb96e5\n>start {\"formatid\":\"gen9randombattle\",\"seed\":\"sodium,067d55aa9686b8a64c6c70900fd24e61\",\"rated\":\"Rated battle\"}\n>player p1 {\"name\":\"KTHAN0S\",\"avatar\":\"hooligans\",\"rating\":1648,\"seed\":\"sodium,926a778fc0206d4dd15e309f12b8c880\"}\n>player p2 {\"name\":\"VeryXtraCrunchy\",\"avatar\":\"shauntal\",\"rating\":1668,\"seed\":\"sodium,44d624be7cd17a413d264639e883d9a7\"}\n>p1 move liquidation\n>p2 move calmmind\n>p1 move haze\n>p2 move calmmind\n>p1 move liquidation\n>p2 move calmmind\n>p1 switch 3\n>p2 move terastarstorm\n>p1 move thunderwave\n>p2 switch 5\n>p1 switch 4\n>p2 move thunderwave\n>p1 move stealthrock\n>p2 move heatcrash\n>p1 move magmastorm\n>p2 switch 4\n>p1 switch 4\n>p2 switch 5\n>p1 move thunderwave\n>p2 move rapidspin\n>p1 move seismictoss\n>p2 switch 5\n>p1 move thunderwave\n>p2 move hydropump\n>p1 move softboiled\n>p2 move hydropump\n>p1 move seismictoss\n>p2 move hydropump\n>p1 move seismictoss\n>p2 move hydropump\n>p2 switch 2\n>p1 switch 3\n>p2 move swordsdance\n>p1 move haze\n>p2 move scaleshot terastallize\n>p1 switch 5\n>p2 move crunch\n>p1 move spacialrend\n>p2 switch 3\n>p1 switch 5\n>p2 move moonblast\n>p1 move recover\n>p2 switch 5\n>p1 switch 3\n>p2 move terastarstorm\n>p1 move seismictoss\n>p2 move rapidspin\n>p1 move softboiled\n>p2 move rapidspin\n>p1 move seismictoss\n>p2 move rapidspin\n>p1 move softboiled\n>p2 move rapidspin\n>p1 move seismictoss\n>p2 move rapidspin\n>p2 switch 3\n>p1 switch 3\n>p2 move scaleshot\n>p1 move recover\n>p2 move swordsdance\n>p1 move haze\n>p2 move swordsdance\n>p1 move toxicspikes\n>p2 move swordsdance\n>p1 move haze\n>p2 move scaleshot\n>p1 switch 5\n>p2 move swordsdance\n>p1 move spacialrend\n>p2 switch 5\n>p1 switch 3\n>p2 move moonblast\n>p1 move thunderwave\n>p2 move moonblast\n>p1 move thunderwave\n>p2 move moonblast\n>p1 move softboiled\n>p2 move calmmind\n>p1 move seismictoss\n>p2 move calmmind\n>p1 move seismictoss\n>p2 move moonblast\n>p2 switch 5\n>p1 move thunderwave\n>p2 move scaleshot\n>p1 move seismictoss\n>p2 move swordsdance\n>p1 move seismictoss\n>p2 move crunch\n>p1 switch 5\n>p1 switch 3\n>p2 move scaleshot\n>p1 switch 2\n>p1 move thunderclap\n>p2 move scaleshot\n>p2 switch 6\n>p1 switch 3\n>p2 move calmmind\n>p1 move haze\n>p2 move storedpower\n>p1 move recover\n>p2 move calmmind\n>p1 move haze\n>p2 move storedpower\n>p1 move liquidation\n>p2 move calmmind\n>p1 move haze\n>p2 move storedpower\n>p1 move recover\n>p2 move gigadrain\n>p1 move liquidation\n>p2 move calmmind\n>p2 switch 4\n>p1 switch 4\n>p2 move precipiceblades\n>p1 move magmastorm\n>p2 move swordsdance", "uploadtime": 1782746142, "views": 10, "formatid": "gen9randombattle", "rating": 1647, "private": 0, "password": null, "player_dets": [{"name": "KTHAN0S", "avatar": "hooligans", "rating": 1648, "seed": "sodium,926a778fc0206d4dd15e309f12b8c880"}, {"name": "VeryXtraCrunchy", "avatar": "shauntal", "rating": 1668, "seed": "sodium,44d624be7cd17a413d264639e883d9a7"}], "teams_full": [{"Toxapex": {"name": "Toxapex", "species": "Toxapex", "speciesId": "toxapex", "gender": "M", "shiny": false, "level": 82, "moves": ["toxicspikes", "liquidation", "haze", "recover"], "ability": "Regenerator", "evs": {"hp": 85, "atk": 85, "def": 85, "spa": 85, "spd": 85, "spe": 85}, "ivs": {"hp": 31, "atk": 31, "def": 31, "spa": 31, "spd": 31, "spe": 31}, "item": "Leftovers", "teraType": "Flying", "role": "Bulky Support", "bvs": {"hp": 50, "atk": 63, "def": 152, "spa": 53, "spd": 142, "spe": 35}, "stats": {"hp": 216, "atk": 150, "def": 296, "spa": 134, "spd": 280, "spe": 105}, "types": ["Poison", "Water"]}, "Raging Bolt": {"name": "Raging Bolt", "species": "Raging Bolt", "speciesId": "ragingbolt", "gender": "N", "shiny": false, "level": 78, "moves": ["calmmind", "dracometeor", "thunderclap", "thunderbolt"], "ability": "Protosynthesis", "evs": {"hp": 85, "atk": 0, "def": 85, "spa": 85, "spd": 85, "spe": 85}, "ivs": {"hp": 31, "atk": 0, "def": 31, "spa": 31, "spd": 31, "spe": 31}, "item": "Leftovers", "teraType": "Fairy", "role": "Bulky Setup", "bvs": {"hp": 125, "atk": 73, "def": 91, "spa": 137, "spd": 89, "spe": 75}, "stats": {"hp": 323, "atk": 118, "def": 187, "spa": 259, "spd": 184, "spe": 162}, "types": ["Electric", "Dragon"]}, "Chansey": {"name": "Chansey", "species": "Chansey", "speciesId": "chansey", "gender": "F", "shiny": false, "level": 85, "moves": ["softboiled", "thunderwave", "healbell", "seismictoss"], "ability": "Natural Cure", "evs": {"hp": 85, "atk": 0, "def": 85, "spa": 85, "spd": 85, "spe": 85}, "ivs": {"hp": 31, "atk": 0, "def": 31, "spa": 31, "spd": 31, "spe": 31}, "item": "Eviolite", "teraType": "Fairy", "role": "Bulky Support", "bvs": {"hp": 250, "atk": 5, "def": 5, "spa": 35, "spd": 105, "spe": 50}, "stats": {"hp": 564, "atk": 13, "def": 57, "spa": 108, "spd": 227, "spe": 134}, "types": ["Normal"]}, "Heatran": {"name": "Heatran", "species": "Heatran", "speciesId": "heatran", "gender": "F", "shiny": false, "level": 79, "moves": ["stealthrock", "earthpower", "magmastorm", "heavyslam"], "ability": "Flash Fire", "evs": {"hp": 85, "atk": 85, "def": 85, "spa": 85, "spd": 85, "spe": 85}, "ivs": {"hp": 31, "atk": 31, "def": 31, "spa": 31, "spd": 31, "spe": 31}, "item": "Air Balloon", "teraType": "Flying", "role": "Bulky Support", "bvs": {"hp": 91, "atk": 90, "def": 106, "spa": 130, "spd": 106, "spe": 77}, "stats": {"hp": 273, "atk": 188, "def": 213, "spa": 251, "spd": 213, "spe": 167}, "types": ["Fire", "Steel"]}, "Palkia": {"name": "Palkia", "species": "Palkia-Origin", "speciesId": "palkiaorigin", "gender": "N", "shiny": false, "level": 72, "moves": ["fireblast", "thunderwave", "hydropump", "spacialrend"], "ability": "Pressure", "evs": {"hp": 85, "atk": 0, "def": 85, "spa": 85, "spd": 85, "spe": 85}, "ivs": {"hp": 31, "atk": 0, "def": 31, "spa": 31, "spd": 31, "spe": 31}, "item": "Lustrous Globe", "teraType": "Fire", "role": "Bulky Attacker", "bvs": {"hp": 90, "atk": 100, "def": 100, "spa": 150, "spd": 120, "spe": 120}, "stats": {"hp": 249, "atk": 149, "def": 186, "spa": 258, "spd": 215, "spe": 215}, "types": ["Water", "Dragon"]}, "Hitmonlee": {"name": "Hitmonlee", "species": "Hitmonlee", "speciesId": "hitmonlee", "gender": "M", "shiny": false, "level": 85, "moves": ["closecombat", "stoneedge", "knockoff", "swordsdance"], "ability": "Unburden", "evs": {"hp": 85, "atk": 85, "def": 85, "spa": 85, "spd": 85, "spe": 85}, "ivs": {"hp": 31, "atk": 31, "def": 31, "spa": 31, "spd": 31, "spe": 31}, "item": "White Herb", "teraType": "Fighting", "role": "Setup Sweeper", "bvs": {"hp": 50, "atk": 120, "def": 53, "spa": 35, "spd": 110, "spe": 87}, "stats": {"hp": 224, "atk": 253, "def": 139, "spa": 108, "spd": 236, "spe": 197}, "types": ["Fighting"]}}, {"Terapagos": {"name": "Terapagos", "species": "Terapagos", "speciesId": "terapagos", "gender": "F", "shiny": false, "level": 77, "moves": ["rapidspin", "terastarstorm", "calmmind", "darkpulse"], "ability": "Tera Shift", "evs": {"hp": 85, "atk": 85, "def": 85, "spa": 85, "spd": 85, "spe": 85}, "ivs": {"hp": 31, "atk": 31, "def": 31, "spa": 31, "spd": 31, "spe": 31}, "item": "Heavy-Duty Boots", "teraType": "Stellar", "role": "Setup Sweeper", "bvs": {"hp": 90, "atk": 65, "def": 85, "spa": 65, "spd": 85, "spe": 60}, "stats": {"hp": 265, "atk": 145, "def": 175, "spa": 145, "spd": 175, "spe": 137}, "types": ["Normal"]}, "Overqwil": {"name": "Overqwil", "species": "Overqwil", "speciesId": "overqwil", "gender": "F", "shiny": false, "level": 82, "moves": ["swordsdance", "crunch", "gunkshot", "scaleshot"], "ability": "Intimidate", "evs": {"hp": 85, "atk": 85, "def": 85, "spa": 85, "spd": 85, "spe": 85}, "ivs": {"hp": 31, "atk": 31, "def": 31, "spa": 31, "spd": 31, "spe": 31}, "item": "Loaded Dice", "teraType": "Dragon", "role": "Setup Sweeper", "bvs": {"hp": 85, "atk": 115, "def": 95, "spa": 65, "spd": 65, "spe": 85}, "stats": {"hp": 274, "atk": 236, "def": 203, "spa": 154, "spd": 154, "spe": 187}, "types": ["Dark", "Poison"]}, "Florges": {"name": "Florges", "species": "Florges", "speciesId": "florges", "gender": "F", "shiny": false, "level": 85, "moves": ["protect", "moonblast", "calmmind", "wish"], "ability": "Flower Veil", "evs": {"hp": 85, "atk": 0, "def": 85, "spa": 85, "spd": 85, "spe": 85}, "ivs": {"hp": 31, "atk": 0, "def": 31, "spa": 31, "spd": 31, "spe": 31}, "item": "Leftovers", "teraType": "Steel", "role": "Bulky Setup", "bvs": {"hp": 78, "atk": 65, "def": 68, "spa": 112, "spd": 154, "spe": 75}, "stats": {"hp": 271, "atk": 115, "def": 164, "spa": 239, "spd": 311, "spe": 176}, "types": ["Fairy"]}, "Ludicolo": {"name": "Ludicolo", "species": "Ludicolo", "speciesId": "ludicolo", "gender": "F", "shiny": false, "level": 90, "moves": ["icebeam", "hydropump", "gigadrain", "leafstorm"], "ability": "Swift Swim", "evs": {"hp": 85, "atk": 0, "def": 85, "spa": 85, "spd": 85, "spe": 85}, "ivs": {"hp": 31, "atk": 0, "def": 31, "spa": 31, "spd": 31, "spe": 31}, "item": "Choice Specs", "teraType": "Grass", "role": "Fast Attacker", "bvs": {"hp": 80, "atk": 70, "def": 70, "spa": 90, "spd": 100, "spe": 70}, "stats": {"hp": 290, "atk": 131, "def": 177, "spa": 213, "spd": 231, "spe": 177}, "types": ["Water", "Grass"]}, "Groudon": {"name": "Groudon", "species": "Groudon", "speciesId": "groudon", "gender": "N", "shiny": false, "level": 72, "moves": ["swordsdance", "precipiceblades", "thunderwave", "heatcrash"], "ability": "Drought", "evs": {"hp": 85, "atk": 85, "def": 85, "spa": 85, "spd": 85, "spe": 85}, "ivs": {"hp": 31, "atk": 31, "def": 31, "spa": 31, "spd": 31, "spe": 31}, "item": "Leftovers", "teraType": "Fire", "role": "Bulky Setup", "bvs": {"hp": 100, "atk": 150, "def": 140, "spa": 100, "spd": 90, "spe": 90}, "stats": {"hp": 263, "atk": 258, "def": 244, "spa": 186, "spd": 172, "spe": 172}, "types": ["Ground"]}, "Comfey": {"name": "Comfey", "species": "Comfey", "speciesId": "comfey", "gender": "M", "shiny": false, "level": 85, "moves": ["storedpower", "drainingkiss", "gigadrain", "calmmind"], "ability": "Triage", "evs": {"hp": 85, "atk": 0, "def": 85, "spa": 85, "spd": 85, "spe": 85}, "ivs": {"hp": 31, "atk": 0, "def": 31, "spa": 31, "spd": 31, "spe": 31}, "item": "Leftovers", "teraType": "Fairy", "role": "Bulky Setup", "bvs": {"hp": 51, "atk": 52, "def": 90, "spa": 82, "spd": 110, "spe": 100}, "stats": {"hp": 225, "atk": 93, "def": 202, "spa": 188, "spd": 236, "spe": 219}, "types": ["Fairy"]}}]}