{"id": "gen9randombattle-2641381699", "format": "[Gen 9] Random Battle", "players": ["noKlew", "notmetbh102"], "log": "|j|\u2606noKlew\n|j|\u2606notmetbh102\n|t:|1782776182\n|gametype|singles\n|inactive|Battle timer is ON: inactive players will automatically lose when time's up. (requested by notmetbh102)\n|player|p1|noKlew|102|2232\n|player|p2|notmetbh102|2|2203\n|gen|9\n|tier|[Gen 9] Random Battle\n|rated|\n|rule|Species Clause: Limit one of each Pok\u00e9mon\n|rule|HP Percentage Mod: HP is shown in percentages\n|rule|Sleep Clause Mod: Limit one foe put to sleep\n|rule|Illusion Level Mod: Illusion disguises the Pok\u00e9mon's true level\n|\n|t:|1782776182\n|teamsize|p1|6\n|teamsize|p2|6\n|start\n|switch|p1a: Armarouge|Armarouge, L80, F|267/267\n|switch|p2a: Hariyama|Hariyama, L87, M|392/392\n|turn|1\n|inactive|noKlew also wants the timer to be on.\n|c|\u2606notmetbh102|hf\n|c|\u2606noKlew|u2\n|\n|t:|1782776197\n|move|p1a: Armarouge|Psyshock|p2a: Hariyama\n|-supereffective|p2a: Hariyama\n|-damage|p2a: Hariyama|152/392\n|move|p2a: Hariyama|Knock Off|p1a: Armarouge\n|-supereffective|p1a: Armarouge\n|-damage|p1a: Armarouge|109/267\n|-ability|p1a: Armarouge|Weak Armor|boost\n|-unboost|p1a: Armarouge|def|1\n|-boost|p1a: Armarouge|spe|2\n|-enditem|p1a: Armarouge|Power Herb|[from] move: Knock Off|[of] p2a: Hariyama\n|\n|-status|p2a: Hariyama|brn|[from] item: Flame Orb\n|upkeep\n|turn|2\n|\n|t:|1782776208\n|switch|p2a: Rayquaza|Rayquaza, L72|270/270\n|-ability|p2a: Rayquaza|Air Lock\n|move|p1a: Armarouge|Psyshock|p2a: Rayquaza\n|-damage|p2a: Rayquaza|161/270\n|\n|upkeep\n|turn|3\n|\n|t:|1782776230\n|switch|p1a: Misdreavus|Misdreavus, L90, F|254/254\n|move|p2a: Rayquaza|Scale Shot|p1a: Misdreavus\n|-crit|p1a: Misdreavus\n|-damage|p1a: Misdreavus|218/254\n|-damage|p1a: Misdreavus|193/254\n|-damage|p1a: Misdreavus|168/254\n|-damage|p1a: Misdreavus|146/254\n|-damage|p1a: Misdreavus|122/254\n|-hitcount|p1a: Misdreavus|5\n|-unboost|p2a: Rayquaza|def|1\n|-boost|p2a: Rayquaza|spe|1\n|\n|upkeep\n|turn|4\n|\n|t:|1782776238\n|switch|p2a: Registeel|Registeel, L81|262/262\n|move|p1a: Misdreavus|Draining Kiss|p2a: Registeel\n|-resisted|p2a: Registeel\n|-damage|p2a: Registeel|250/262\n|-heal|p1a: Misdreavus|131/254|[from] drain|[of] p2a: Registeel\n|\n|upkeep\n|turn|5\n|\n|t:|1782776249\n|move|p1a: Misdreavus|Will-O-Wisp|p2a: Registeel\n|-status|p2a: Registeel|brn\n|move|p2a: Registeel|Iron Head|p1a: Misdreavus\n|-damage|p1a: Misdreavus|104/254\n|\n|-damage|p2a: Registeel|234/262 brn|[from] brn\n|upkeep\n|turn|6\n|\n|t:|1782776262\n|switch|p1a: Armarouge|Armarouge, L80, F|109/267\n|move|p2a: Registeel|Rest|p2a: Registeel\n|-status|p2a: Registeel|slp|[from] move: Rest\n|-heal|p2a: Registeel|262/262 slp|[silent]\n|-enditem|p2a: Registeel|Chesto Berry|[eat]\n|-curestatus|p2a: Registeel|slp|[msg]\n|\n|upkeep\n|turn|7\n|\n|t:|1782776267\n|switch|p2a: Rayquaza|Rayquaza, L72|161/270\n|-ability|p2a: Rayquaza|Air Lock\n|move|p1a: Armarouge|Armor Cannon|p2a: Rayquaza\n|-resisted|p2a: Rayquaza\n|-crit|p2a: Rayquaza\n|-damage|p2a: Rayquaza|44/270\n|-unboost|p1a: Armarouge|def|1\n|-unboost|p1a: Armarouge|spd|1\n|\n|upkeep\n|turn|8\n|\n|t:|1782776286\n|move|p2a: Rayquaza|Scale Shot|p1a: Armarouge\n|-damage|p1a: Armarouge|64/267\n|-ability|p1a: Armarouge|Weak Armor|boost\n|-unboost|p1a: Armarouge|def|1\n|-boost|p1a: Armarouge|spe|2\n|-damage|p1a: Armarouge|9/267\n|-ability|p1a: Armarouge|Weak Armor|boost\n|-unboost|p1a: Armarouge|def|1\n|-boost|p1a: Armarouge|spe|2\n|-damage|p1a: Armarouge|0 fnt\n|faint|p1a: Armarouge\n|-hitcount|p1: Armarouge|3\n|-unboost|p2a: Rayquaza|def|1\n|-boost|p2a: Rayquaza|spe|1\n|\n|upkeep\n|\n|t:|1782776293\n|switch|p1a: Rillaboom|Rillaboom, L79, M|288/288\n|-fieldstart|move: Grassy Terrain|[from] ability: Grassy Surge|[of] p1a: Rillaboom\n|turn|9\n|\n|t:|1782776309\n|move|p1a: Rillaboom|Grassy Glide|p2a: Rayquaza\n|-resisted|p2a: Rayquaza\n|-damage|p2a: Rayquaza|0 fnt\n|faint|p2a: Rayquaza\n|-damage|p1a: Rillaboom|260/288|[from] item: Life Orb\n|\n|-heal|p1a: Rillaboom|278/288|[from] Grassy Terrain\n|upkeep\n|\n|t:|1782776309\n|switch|p2a: Tauros|Tauros-Paldea-Blaze, L81, M|252/252\n|turn|10\n|inactive|noKlew has 120 seconds left.\n|\n|t:|1782776337\n|move|p2a: Tauros|Bulk Up|p2a: Tauros\n|-boost|p2a: Tauros|atk|1\n|-boost|p2a: Tauros|def|1\n|move|p1a: Rillaboom|Knock Off|p2a: Tauros\n|-resisted|p2a: Tauros\n|-damage|p2a: Tauros|226/252\n|-enditem|p2a: Tauros|Sitrus Berry|[from] move: Knock Off|[of] p1a: Rillaboom\n|-damage|p1a: Rillaboom|250/288|[from] item: Life Orb\n|\n|-heal|p2a: Tauros|241/252|[from] Grassy Terrain\n|-heal|p1a: Rillaboom|268/288|[from] Grassy Terrain\n|upkeep\n|turn|11\n|inactive|noKlew has 120 seconds left.\n|\n|t:|1782776354\n|switch|p1a: Misdreavus|Misdreavus, L90, F|104/254\n|move|p2a: Tauros|Bulk Up|p2a: Tauros\n|-boost|p2a: Tauros|atk|1\n|-boost|p2a: Tauros|def|1\n|\n|-heal|p2a: Tauros|252/252|[from] Grassy Terrain\n|upkeep\n|turn|12\n|\n|t:|1782776358\n|move|p2a: Tauros|Raging Bull|p1a: Misdreavus\n|-damage|p1a: Misdreavus|0 fnt\n|faint|p1a: Misdreavus\n|\n|upkeep\n|\n|t:|1782776361\n|switch|p1a: Toucannon|Toucannon, L88, M|284/284\n|turn|13\n|\n|t:|1782776370\n|move|p2a: Tauros|Bulk Up|p2a: Tauros\n|-boost|p2a: Tauros|atk|1\n|-boost|p2a: Tauros|def|1\n|move|p1a: Toucannon|Boomburst|p2a: Tauros\n|-damage|p2a: Tauros|90/252\n|\n|-heal|p2a: Tauros|105/252|[from] Grassy Terrain\n|-fieldend|move: Grassy Terrain\n|upkeep\n|turn|14\n|inactive|noKlew has 120 seconds left.\n|\n|t:|1782776414\n|switch|p1a: Illumise|Illumise, L91, F|266/266\n|move|p2a: Tauros|Close Combat|p1a: Illumise\n|-resisted|p1a: Illumise\n|-damage|p1a: Illumise|90/266\n|-unboost|p2a: Tauros|def|1\n|-unboost|p2a: Tauros|spd|1\n|\n|upkeep\n|turn|15\n|\n|t:|1782776419\n|move|p1a: Illumise|Thunder Wave|p2a: Tauros\n|-status|p2a: Tauros|par\n|cant|p2a: Tauros|par\n|\n|upkeep\n|turn|16\n|\n|t:|1782776432\n|switch|p1a: Toucannon|Toucannon, L88, M|284/284\n|cant|p2a: Tauros|par\n|\n|upkeep\n|turn|17\n|\n|t:|1782776435\n|switch|p2a: Registeel|Registeel, L81|262/262\n|move|p1a: Toucannon|Boomburst|p2a: Registeel\n|-resisted|p2a: Registeel\n|-damage|p2a: Registeel|214/262\n|\n|upkeep\n|turn|18\n|inactive|noKlew has 120 seconds left.\n|\n|t:|1782776449\n|switch|p1a: Illumise|Illumise, L91, F|90/266\n|move|p2a: Registeel|Iron Defense|p2a: Registeel\n|-boost|p2a: Registeel|def|2\n|\n|upkeep\n|turn|19\n|\n|t:|1782776453\n|move|p1a: Illumise|Encore|p2a: Registeel\n|-start|p2a: Registeel|Encore\n|move|p2a: Registeel|Iron Defense|p2a: Registeel\n|-boost|p2a: Registeel|def|2\n|\n|upkeep\n|turn|20\n|\n|t:|1782776456\n|switch|p2a: Hariyama|Hariyama, L87, M|152/392 brn\n|move|p1a: Illumise|Roost|p1a: Illumise\n|-heal|p1a: Illumise|223/266\n|-singleturn|p1a: Illumise|move: Roost\n|\n|-damage|p2a: Hariyama|128/392 brn|[from] brn\n|upkeep\n|turn|21\n|\n|t:|1782776465\n|switch|p1a: Toucannon|Toucannon, L88, M|284/284\n|move|p2a: Hariyama|Facade|p1a: Toucannon\n|-damage|p1a: Toucannon|81/284\n|\n|-damage|p2a: Hariyama|104/392 brn|[from] brn\n|upkeep\n|turn|22\n|\n|t:|1782776473\n|switch|p2a: Registeel|Registeel, L81|214/262\n|move|p1a: Toucannon|Boomburst|p2a: Registeel\n|-resisted|p2a: Registeel\n|-damage|p2a: Registeel|166/262\n|\n|upkeep\n|turn|23\n|inactive|noKlew has 120 seconds left.\n|\n|t:|1782776524\n|switch|p1a: Illumise|Illumise, L91, F|223/266\n|move|p2a: Registeel|Body Press|p1a: Illumise\n|-resisted|p1a: Illumise\n|-damage|p1a: Illumise|183/266\n|\n|upkeep\n|turn|24\n|\n|t:|1782776531\n|move|p1a: Illumise|Bug Buzz|p2a: Registeel\n|-resisted|p2a: Registeel\n|-damage|p2a: Registeel|133/262\n|move|p2a: Registeel|Iron Defense|p2a: Registeel\n|-boost|p2a: Registeel|def|2\n|\n|upkeep\n|turn|25\n|\n|t:|1782776536\n|move|p1a: Illumise|Encore|p2a: Registeel\n|-start|p2a: Registeel|Encore\n|move|p2a: Registeel|Iron Defense|p2a: Registeel\n|-boost|p2a: Registeel|def|2\n|\n|upkeep\n|turn|26\n|\n|t:|1782776538\n|switch|p2a: Glalie|Glalie, L96, M|309/309\n|move|p1a: Illumise|Bug Buzz|p2a: Glalie\n|-damage|p2a: Glalie|222/309\n|\n|upkeep\n|turn|27\n|\n|t:|1782776541\n|switch|p2a: Tauros|Tauros-Paldea-Blaze, L81, M|105/252 par\n|move|p1a: Illumise|Thunder Wave|p2a: Tauros\n|-fail|p2a: Tauros|par\n|\n|upkeep\n|turn|28\n|\n|t:|1782776548\n|switch|p1a: Toucannon|Toucannon, L88, M|81/284\n|cant|p2a: Tauros|par\n|\n|upkeep\n|turn|29\n|\n|t:|1782776555\n|move|p1a: Toucannon|Boomburst|p2a: Tauros\n|-damage|p2a: Tauros|0 fnt\n|faint|p2a: Tauros\n|\n|upkeep\n|\n|t:|1782776556\n|switch|p2a: Registeel|Registeel, L81|133/262\n|turn|30\n|\n|t:|1782776562\n|-singleturn|p1a: Toucannon|move: Beak Blast\n|move|p2a: Registeel|Iron Defense|p2a: Registeel\n|-boost|p2a: Registeel|def|2\n|move|p1a: Toucannon|Beak Blast|p2a: Registeel\n|-resisted|p2a: Registeel\n|-damage|p2a: Registeel|111/262\n|\n|upkeep\n|turn|31\n|\n|t:|1782776565\n|-singleturn|p1a: Toucannon|move: Beak Blast\n|move|p2a: Registeel|Body Press|p1a: Toucannon\n|-damage|p1a: Toucannon|0 fnt\n|-status|p2a: Registeel|brn\n|faint|p1a: Toucannon\n|\n|-damage|p2a: Registeel|95/262 brn|[from] brn\n|upkeep\n|\n|t:|1782776573\n|switch|p1a: Rillaboom|Rillaboom, L79, M|268/288\n|-fieldstart|move: Grassy Terrain|[from] ability: Grassy Surge|[of] p1a: Rillaboom\n|turn|32\n|\n|t:|1782776576\n|move|p1a: Rillaboom|Swords Dance|p1a: Rillaboom\n|-boost|p1a: Rillaboom|atk|2\n|move|p2a: Registeel|Iron Defense|p2a: Registeel\n|-boost|p2a: Registeel|def|2\n|\n|-heal|p1a: Rillaboom|286/288|[from] Grassy Terrain\n|-heal|p2a: Registeel|111/262 brn|[from] Grassy Terrain\n|-damage|p2a: Registeel|95/262 brn|[from] brn\n|upkeep\n|turn|33\n|\n|t:|1782776582\n|move|p1a: Rillaboom|Swords Dance|p1a: Rillaboom\n|-boost|p1a: Rillaboom|atk|2\n|move|p2a: Registeel|Rest|p2a: Registeel\n|-status|p2a: Registeel|slp|[from] move: Rest\n|-heal|p2a: Registeel|262/262 slp|[silent]\n|\n|-heal|p1a: Rillaboom|288/288|[from] Grassy Terrain\n|upkeep\n|turn|34\n|\n|t:|1782776592\n|-terastallize|p1a: Rillaboom|Grass\n|move|p1a: Rillaboom|Wood Hammer|p2a: Registeel\n|-resisted|p2a: Registeel\n|-damage|p2a: Registeel|166/262 slp\n|-damage|p1a: Rillaboom|256/288|[from] Recoil\n|-damage|p1a: Rillaboom|228/288|[from] item: Life Orb\n|cant|p2a: Registeel|slp\n|\n|-heal|p1a: Rillaboom|246/288|[from] Grassy Terrain\n|-heal|p2a: Registeel|182/262 slp|[from] Grassy Terrain\n|upkeep\n|turn|35\n|\n|t:|1782776595\n|move|p1a: Rillaboom|Wood Hammer|p2a: Registeel\n|-resisted|p2a: Registeel\n|-damage|p2a: Registeel|85/262 slp\n|-damage|p1a: Rillaboom|214/288|[from] Recoil\n|-damage|p1a: Rillaboom|186/288|[from] item: Life Orb\n|cant|p2a: Registeel|slp\n|\n|-heal|p1a: Rillaboom|204/288|[from] Grassy Terrain\n|-heal|p2a: Registeel|101/262 slp|[from] Grassy Terrain\n|upkeep\n|turn|36\n|\n|t:|1782776599\n|move|p1a: Rillaboom|Wood Hammer|p2a: Registeel\n|-resisted|p2a: Registeel\n|-damage|p2a: Registeel|0 fnt\n|faint|p2a: Registeel\n|-damage|p1a: Rillaboom|171/288|[from] Recoil\n|-damage|p1a: Rillaboom|143/288|[from] item: Life Orb\n|\n|-heal|p1a: Rillaboom|161/288|[from] Grassy Terrain\n|-fieldend|move: Grassy Terrain\n|upkeep\n|\n|t:|1782776599\n|switch|p2a: Glalie|Glalie, L96, M|222/309\n|turn|37\n|\n|t:|1782776604\n|switch|p1a: Illumise|Illumise, L91, F|183/266\n|move|p2a: Glalie|Freeze-Dry|p1a: Illumise\n|-damage|p1a: Illumise|104/266\n|\n|upkeep\n|turn|38\n|\n|t:|1782776614\n|move|p2a: Glalie|Freeze-Dry|p1a: Illumise\n|-damage|p1a: Illumise|25/266\n|move|p1a: Illumise|Bug Buzz|p2a: Glalie\n|-damage|p2a: Glalie|134/309\n|\n|upkeep\n|turn|39\n|\n|t:|1782776621\n|move|p1a: Illumise|Roost|p1a: Illumise\n|-heal|p1a: Illumise|158/266\n|-singleturn|p1a: Illumise|move: Roost\n|move|p2a: Glalie|Freeze-Dry|p1a: Illumise\n|-damage|p1a: Illumise|85/266\n|-status|p1a: Illumise|frz\n|\n|upkeep\n|turn|40\n|\n|t:|1782776628\n|cant|p1a: Illumise|frz\n|move|p2a: Glalie|Spikes|p1a: Illumise\n|-sidestart|p1: noKlew|Spikes\n|\n|upkeep\n|turn|41\n|\n|t:|1782776630\n|cant|p1a: Illumise|frz\n|move|p2a: Glalie|Spikes|p1a: Illumise\n|-sidestart|p1: noKlew|Spikes\n|\n|upkeep\n|turn|42\n|\n|t:|1782776631\n|cant|p1a: Illumise|frz\n|move|p2a: Glalie|Spikes|p1a: Illumise\n|-sidestart|p1: noKlew|Spikes\n|\n|upkeep\n|turn|43\n|\n|t:|1782776633\n|switch|p2a: Palossand|Palossand, L89, F|296/296\n|cant|p1a: Illumise|frz\n|\n|upkeep\n|turn|44\n|\n|t:|1782776635\n|cant|p1a: Illumise|frz\n|move|p2a: Palossand|Shadow Ball|p1a: Illumise\n|-damage|p1a: Illumise|0 fnt\n|faint|p1a: Illumise\n|\n|upkeep\n|\n|t:|1782776646\n|switch|p1a: Blissey|Blissey, L85, F|572/572\n|-damage|p1a: Blissey|429/572|[from] Spikes\n|turn|45\n|\n|t:|1782776650\n|move|p1a: Blissey|Stealth Rock|p2a: Palossand\n|-sidestart|p2: notmetbh102|move: Stealth Rock\n|move|p2a: Palossand|Stealth Rock|p1a: Blissey\n|-sidestart|p1: noKlew|move: Stealth Rock\n|\n|-heal|p1a: Blissey|464/572|[from] item: Leftovers\n|upkeep\n|turn|46\n|\n|t:|1782776656\n|move|p1a: Blissey|Thunder Wave|p2a: Palossand\n|-immune|p2a: Palossand\n|move|p2a: Palossand|Earth Power|p1a: Blissey\n|-damage|p1a: Blissey|391/572\n|\n|-heal|p1a: Blissey|426/572|[from] item: Leftovers\n|upkeep\n|turn|47\n|\n|t:|1782776658\n|move|p1a: Blissey|Thunder Wave|p2a: Palossand\n|-immune|p2a: Palossand\n|move|p2a: Palossand|Earth Power|p1a: Blissey\n|-damage|p1a: Blissey|347/572\n|\n|-heal|p1a: Blissey|382/572|[from] item: Leftovers\n|upkeep\n|turn|48\n|\n|t:|1782776661\n|move|p1a: Blissey|Thunder Wave|p2a: Palossand\n|-immune|p2a: Palossand\n|move|p2a: Palossand|Earth Power|p1a: Blissey\n|-damage|p1a: Blissey|310/572\n|\n|-heal|p1a: Blissey|345/572|[from] item: Leftovers\n|upkeep\n|turn|49\n|\n|t:|1782776662\n|switch|p2a: Glalie|Glalie, L96, M|134/309\n|move|p1a: Blissey|Thunder Wave|p2a: Glalie\n|-status|p2a: Glalie|par\n|\n|-heal|p1a: Blissey|380/572|[from] item: Leftovers\n|upkeep\n|turn|50\n|\n|t:|1782776665\n|move|p1a: Blissey|Seismic Toss|p2a: Glalie\n|-damage|p2a: Glalie|49/309 par\n|cant|p2a: Glalie|par\n|\n|-heal|p1a: Blissey|415/572|[from] item: Leftovers\n|upkeep\n|turn|51\n|\n|t:|1782776667\n|switch|p2a: Palossand|Palossand, L89, F|296/296\n|-damage|p2a: Palossand|278/296|[from] Stealth Rock\n|move|p1a: Blissey|Seismic Toss|p2a: Palossand\n|-immune|p2a: Palossand\n|\n|-heal|p1a: Blissey|450/572|[from] item: Leftovers\n|-heal|p2a: Palossand|296/296|[from] item: Leftovers\n|upkeep\n|turn|52\n|\n|t:|1782776671\n|move|p1a: Blissey|Thunder Wave|p2a: Palossand\n|-immune|p2a: Palossand\n|move|p2a: Palossand|Earth Power|p1a: Blissey\n|-damage|p1a: Blissey|378/572\n|\n|-heal|p1a: Blissey|413/572|[from] item: Leftovers\n|upkeep\n|turn|53\n|\n|t:|1782776674\n|move|p1a: Blissey|Thunder Wave|p2a: Palossand\n|-immune|p2a: Palossand\n|move|p2a: Palossand|Earth Power|p1a: Blissey\n|-damage|p1a: Blissey|337/572\n|\n|-heal|p1a: Blissey|372/572|[from] item: Leftovers\n|upkeep\n|turn|54\n|\n|t:|1782776675\n|move|p1a: Blissey|Thunder Wave|p2a: Palossand\n|-immune|p2a: Palossand\n|move|p2a: Palossand|Earth Power|p1a: Blissey\n|-damage|p1a: Blissey|296/572\n|\n|-heal|p1a: Blissey|331/572|[from] item: Leftovers\n|upkeep\n|turn|55\n|\n|t:|1782776678\n|move|p1a: Blissey|Thunder Wave|p2a: Palossand\n|-immune|p2a: Palossand\n|move|p2a: Palossand|Earth Power|p1a: Blissey\n|-damage|p1a: Blissey|258/572\n|\n|-heal|p1a: Blissey|293/572|[from] item: Leftovers\n|upkeep\n|turn|56\n|\n|t:|1782776680\n|move|p1a: Blissey|Thunder Wave|p2a: Palossand\n|-immune|p2a: Palossand\n|move|p2a: Palossand|Earth Power|p1a: Blissey\n|-damage|p1a: Blissey|223/572\n|\n|-heal|p1a: Blissey|258/572|[from] item: Leftovers\n|upkeep\n|turn|57\n|\n|t:|1782776683\n|move|p1a: Blissey|Stealth Rock||[still]\n|-fail|p1a: Blissey\n|move|p2a: Palossand|Earth Power|p1a: Blissey\n|-damage|p1a: Blissey|177/572\n|-unboost|p1a: Blissey|spd|1\n|\n|-heal|p1a: Blissey|212/572|[from] item: Leftovers\n|upkeep\n|turn|58\n|\n|t:|1782776686\n|move|p1a: Blissey|Soft-Boiled|p1a: Blissey\n|-heal|p1a: Blissey|498/572\n|move|p2a: Palossand|Earth Power|p1a: Blissey\n|-damage|p1a: Blissey|375/572\n|\n|-heal|p1a: Blissey|410/572|[from] item: Leftovers\n|upkeep\n|turn|59\n|\n|t:|1782776689\n|move|p1a: Blissey|Thunder Wave|p2a: Palossand\n|-immune|p2a: Palossand\n|move|p2a: Palossand|Earth Power|p1a: Blissey\n|-damage|p1a: Blissey|296/572\n|\n|-heal|p1a: Blissey|331/572|[from] item: Leftovers\n|upkeep\n|turn|60\n|\n|t:|1782776692\n|move|p1a: Blissey|Thunder Wave|p2a: Palossand\n|-immune|p2a: Palossand\n|move|p2a: Palossand|Earth Power|p1a: Blissey\n|-damage|p1a: Blissey|217/572\n|\n|-heal|p1a: Blissey|252/572|[from] item: Leftovers\n|upkeep\n|turn|61\n|\n|t:|1782776694\n|move|p1a: Blissey|Soft-Boiled|p1a: Blissey\n|-heal|p1a: Blissey|538/572\n|move|p2a: Palossand|Earth Power|p1a: Blissey\n|-damage|p1a: Blissey|424/572\n|\n|-heal|p1a: Blissey|459/572|[from] item: Leftovers\n|upkeep\n|turn|62\n|\n|t:|1782776701\n|move|p1a: Blissey|Stealth Rock||[still]\n|-fail|p1a: Blissey\n|move|p2a: Palossand|Earth Power|p1a: Blissey\n|-damage|p1a: Blissey|341/572\n|\n|-heal|p1a: Blissey|376/572|[from] item: Leftovers\n|upkeep\n|turn|63\n|\n|t:|1782776706\n|move|p1a: Blissey|Thunder Wave|p2a: Palossand\n|-immune|p2a: Palossand\n|move|p2a: Palossand|Earth Power|p1a: Blissey\n|-damage|p1a: Blissey|252/572\n|\n|-heal|p1a: Blissey|287/572|[from] item: Leftovers\n|upkeep\n|turn|64\n|\n|t:|1782776709\n|move|p1a: Blissey|Thunder Wave|p2a: Palossand\n|-immune|p2a: Palossand\n|move|p2a: Palossand|Stealth Rock||[still]\n|-fail|p2a: Palossand\n|\n|-heal|p1a: Blissey|322/572|[from] item: Leftovers\n|upkeep\n|turn|65\n|\n|t:|1782776712\n|move|p1a: Blissey|Thunder Wave|p2a: Palossand\n|-immune|p2a: Palossand\n|move|p2a: Palossand|Shadow Ball|p1a: Blissey\n|-immune|p1a: Blissey\n|\n|-heal|p1a: Blissey|357/572|[from] item: Leftovers\n|upkeep\n|turn|66\n|\n|t:|1782776714\n|move|p1a: Blissey|Thunder Wave|p2a: Palossand\n|-immune|p2a: Palossand\n|move|p2a: Palossand|Earth Power|p1a: Blissey\n|-damage|p1a: Blissey|240/572\n|\n|-heal|p1a: Blissey|275/572|[from] item: Leftovers\n|upkeep\n|turn|67\n|\n|t:|1782776715\n|move|p1a: Blissey|Thunder Wave|p2a: Palossand\n|-immune|p2a: Palossand\n|move|p2a: Palossand|Shore Up|p2a: Palossand\n|-fail|p2a: Palossand|heal\n|\n|-heal|p1a: Blissey|310/572|[from] item: Leftovers\n|upkeep\n|turn|68\n|\n|t:|1782776717\n|move|p1a: Blissey|Thunder Wave|p2a: Palossand\n|-immune|p2a: Palossand\n|move|p2a: Palossand|Shadow Ball|p1a: Blissey\n|-immune|p1a: Blissey\n|\n|-heal|p1a: Blissey|345/572|[from] item: Leftovers\n|upkeep\n|turn|69\n|\n|t:|1782776719\n|move|p1a: Blissey|Thunder Wave|p2a: Palossand\n|-immune|p2a: Palossand\n|move|p2a: Palossand|Stealth Rock||[still]\n|-fail|p2a: Palossand\n|\n|-heal|p1a: Blissey|380/572|[from] item: Leftovers\n|upkeep\n|turn|70\n|\n|t:|1782776720\n|move|p1a: Blissey|Thunder Wave|p2a: Palossand\n|-immune|p2a: Palossand\n|move|p2a: Palossand|Shore Up|p2a: Palossand\n|-fail|p2a: Palossand|heal\n|\n|-heal|p1a: Blissey|415/572|[from] item: Leftovers\n|upkeep\n|turn|71\n|\n|t:|1782776722\n|move|p1a: Blissey|Seismic Toss|p2a: Palossand\n|-immune|p2a: Palossand\n|move|p2a: Palossand|Shadow Ball|p1a: Blissey\n|-immune|p1a: Blissey\n|\n|-heal|p1a: Blissey|450/572|[from] item: Leftovers\n|upkeep\n|turn|72\n|\n|t:|1782776724\n|move|p1a: Blissey|Thunder Wave|p2a: Palossand\n|-immune|p2a: Palossand\n|move|p2a: Palossand|Stealth Rock||[still]\n|-fail|p2a: Palossand\n|\n|-heal|p1a: Blissey|485/572|[from] item: Leftovers\n|upkeep\n|turn|73\n|\n|t:|1782776726\n|move|p1a: Blissey|Thunder Wave|p2a: Palossand\n|-immune|p2a: Palossand\n|move|p2a: Palossand|Stealth Rock||[still]\n|-fail|p2a: Palossand\n|\n|-heal|p1a: Blissey|520/572|[from] item: Leftovers\n|upkeep\n|turn|74\n|\n|t:|1782776729\n|move|p1a: Blissey|Thunder Wave|p2a: Palossand\n|-immune|p2a: Palossand\n|move|p2a: Palossand|Shore Up|p2a: Palossand\n|-fail|p2a: Palossand|heal\n|\n|-heal|p1a: Blissey|555/572|[from] item: Leftovers\n|upkeep\n|turn|75\n|\n|t:|1782776731\n|move|p1a: Blissey|Thunder Wave|p2a: Palossand\n|-immune|p2a: Palossand\n|move|p2a: Palossand|Shore Up|p2a: Palossand\n|-fail|p2a: Palossand|heal\n|\n|-heal|p1a: Blissey|572/572|[from] item: Leftovers\n|upkeep\n|turn|76\n|\n|t:|1782776733\n|move|p1a: Blissey|Stealth Rock||[still]\n|-fail|p1a: Blissey\n|move|p2a: Palossand|Stealth Rock||[still]\n|-fail|p2a: Palossand\n|\n|upkeep\n|turn|77\n|\n|t:|1782776735\n|move|p1a: Blissey|Stealth Rock||[still]\n|-fail|p1a: Blissey\n|move|p2a: Palossand|Shore Up|p2a: Palossand\n|-fail|p2a: Palossand|heal\n|\n|upkeep\n|turn|78\n|\n|t:|1782776736\n|move|p1a: Blissey|Stealth Rock||[still]\n|-fail|p1a: Blissey\n|move|p2a: Palossand|Shore Up|p2a: Palossand\n|-fail|p2a: Palossand|heal\n|\n|upkeep\n|turn|79\n|\n|t:|1782776737\n|move|p1a: Blissey|Stealth Rock||[still]\n|-fail|p1a: Blissey\n|move|p2a: Palossand|Shore Up|p2a: Palossand\n|-fail|p2a: Palossand|heal\n|\n|upkeep\n|turn|80\n|\n|t:|1782776739\n|move|p1a: Blissey|Stealth Rock||[still]\n|-fail|p1a: Blissey\n|move|p2a: Palossand|Shore Up|p2a: Palossand\n|-fail|p2a: Palossand|heal\n|\n|upkeep\n|turn|81\n|\n|t:|1782776740\n|move|p1a: Blissey|Stealth Rock||[still]\n|-fail|p1a: Blissey\n|move|p2a: Palossand|Shadow Ball|p1a: Blissey\n|-immune|p1a: Blissey\n|\n|upkeep\n|turn|82\n|\n|t:|1782776742\n|move|p1a: Blissey|Stealth Rock||[still]\n|-fail|p1a: Blissey\n|move|p2a: Palossand|Stealth Rock||[still]\n|-fail|p2a: Palossand\n|\n|upkeep\n|turn|83\n|\n|t:|1782776743\n|move|p1a: Blissey|Stealth Rock||[still]\n|-fail|p1a: Blissey\n|move|p2a: Palossand|Stealth Rock||[still]\n|-fail|p2a: Palossand\n|\n|upkeep\n|turn|84\n|\n|t:|1782776744\n|move|p1a: Blissey|Stealth Rock||[still]\n|-fail|p1a: Blissey\n|move|p2a: Palossand|Shadow Ball|p1a: Blissey\n|-immune|p1a: Blissey\n|\n|upkeep\n|turn|85\n|\n|t:|1782776746\n|move|p1a: Blissey|Stealth Rock||[still]\n|-fail|p1a: Blissey\n|move|p2a: Palossand|Shadow Ball|p1a: Blissey\n|-immune|p1a: Blissey\n|\n|upkeep\n|turn|86\n|\n|t:|1782776747\n|move|p1a: Blissey|Stealth Rock||[still]\n|-fail|p1a: Blissey\n|move|p2a: Palossand|Shadow Ball|p1a: Blissey\n|-immune|p1a: Blissey\n|\n|upkeep\n|turn|87\n|\n|t:|1782776748\n|move|p1a: Blissey|Stealth Rock||[still]\n|-fail|p1a: Blissey\n|move|p2a: Palossand|Shadow Ball|p1a: Blissey\n|-immune|p1a: Blissey\n|\n|upkeep\n|turn|88\n|\n|t:|1782776749\n|move|p1a: Blissey|Stealth Rock||[still]\n|-fail|p1a: Blissey\n|move|p2a: Palossand|Stealth Rock||[still]\n|-fail|p2a: Palossand\n|\n|upkeep\n|turn|89\n|\n|t:|1782776750\n|move|p1a: Blissey|Stealth Rock||[still]\n|-fail|p1a: Blissey\n|move|p2a: Palossand|Shadow Ball|p1a: Blissey\n|-immune|p1a: Blissey\n|\n|upkeep\n|turn|90\n|\n|t:|1782776751\n|move|p1a: Blissey|Stealth Rock||[still]\n|-fail|p1a: Blissey\n|move|p2a: Palossand|Shadow Ball|p1a: Blissey\n|-immune|p1a: Blissey\n|\n|upkeep\n|turn|91\n|\n|t:|1782776755\n|move|p1a: Blissey|Stealth Rock||[still]\n|-fail|p1a: Blissey\n|move|p2a: Palossand|Stealth Rock||[still]\n|-fail|p2a: Palossand\n|\n|upkeep\n|turn|92\n|\n|t:|1782776756\n|move|p1a: Blissey|Stealth Rock||[still]\n|-fail|p1a: Blissey\n|move|p2a: Palossand|Stealth Rock||[still]\n|-fail|p2a: Palossand\n|\n|upkeep\n|turn|93\n|\n|t:|1782776757\n|move|p1a: Blissey|Stealth Rock||[still]\n|-fail|p1a: Blissey\n|move|p2a: Palossand|Shadow Ball|p1a: Blissey\n|-immune|p1a: Blissey\n|\n|upkeep\n|turn|94\n|\n|t:|1782776759\n|move|p1a: Blissey|Stealth Rock||[still]\n|-fail|p1a: Blissey\n|move|p2a: Palossand|Shadow Ball|p1a: Blissey\n|-immune|p1a: Blissey\n|\n|upkeep\n|turn|95\n|\n|t:|1782776762\n|move|p1a: Blissey|Stealth Rock||[still]\n|-fail|p1a: Blissey\n|move|p2a: Palossand|Stealth Rock||[still]\n|-fail|p2a: Palossand\n|\n|upkeep\n|turn|96\n|\n|t:|1782776767\n|move|p1a: Blissey|Stealth Rock||[still]\n|-fail|p1a: Blissey\n|move|p2a: Palossand|Shadow Ball|p1a: Blissey\n|-immune|p1a: Blissey\n|\n|upkeep\n|turn|97\n|\n|t:|1782776769\n|move|p1a: Blissey|Stealth Rock||[still]\n|-fail|p1a: Blissey\n|move|p2a: Palossand|Shadow Ball|p1a: Blissey\n|-immune|p1a: Blissey\n|\n|upkeep\n|turn|98\n|\n|t:|1782776770\n|move|p1a: Blissey|Stealth Rock||[still]\n|-fail|p1a: Blissey\n|move|p2a: Palossand|Stealth Rock||[still]\n|-fail|p2a: Palossand\n|\n|upkeep\n|turn|99\n|\n|t:|1782776771\n|move|p1a: Blissey|Stealth Rock||[still]\n|-fail|p1a: Blissey\n|move|p2a: Palossand|Shadow Ball|p1a: Blissey\n|-immune|p1a: Blissey\n|\n|upkeep\n|turn|100\n|\n|t:|1782776772\n|move|p1a: Blissey|Stealth Rock||[still]\n|-fail|p1a: Blissey\n|move|p2a: Palossand|Shadow Ball|p1a: Blissey\n|-immune|p1a: Blissey\n|\n|upkeep\n|turn|101\n|\n|t:|1782776773\n|move|p1a: Blissey|Stealth Rock||[still]\n|-fail|p1a: Blissey\n|move|p2a: Palossand|Shadow Ball|p1a: Blissey\n|-immune|p1a: Blissey\n|\n|upkeep\n|turn|102\n|\n|t:|1782776774\n|move|p1a: Blissey|Stealth Rock||[still]\n|-fail|p1a: Blissey\n|move|p2a: Palossand|Shadow Ball|p1a: Blissey\n|-immune|p1a: Blissey\n|\n|upkeep\n|turn|103\n|\n|t:|1782776775\n|move|p1a: Blissey|Stealth Rock||[still]\n|-fail|p1a: Blissey\n|move|p2a: Palossand|Shadow Ball|p1a: Blissey\n|-immune|p1a: Blissey\n|\n|upkeep\n|turn|104\n|\n|t:|1782776776\n|move|p1a: Blissey|Stealth Rock||[still]\n|-fail|p1a: Blissey\n|move|p2a: Palossand|Shadow Ball|p1a: Blissey\n|-immune|p1a: Blissey\n|\n|upkeep\n|turn|105\n|\n|t:|1782776777\n|move|p1a: Blissey|Thunder Wave|p2a: Palossand\n|-immune|p2a: Palossand\n|move|p2a: Palossand|Shadow Ball|p1a: Blissey\n|-immune|p1a: Blissey\n|\n|upkeep\n|turn|106\n|\n|t:|1782776779\n|move|p1a: Blissey|Thunder Wave|p2a: Palossand\n|-immune|p2a: Palossand\n|move|p2a: Palossand|Stealth Rock||[still]\n|-fail|p2a: Palossand\n|\n|upkeep\n|turn|107\n|\n|t:|1782776780\n|move|p1a: Blissey|Thunder Wave|p2a: Palossand\n|-immune|p2a: Palossand\n|move|p2a: Palossand|Stealth Rock||[still]\n|-fail|p2a: Palossand\n|\n|upkeep\n|turn|108\n|\n|t:|1782776782\n|move|p1a: Blissey|Thunder Wave|p2a: Palossand\n|-immune|p2a: Palossand\n|move|p2a: Palossand|Stealth Rock||[still]\n|-fail|p2a: Palossand\n|\n|upkeep\n|turn|109\n|\n|t:|1782776783\n|move|p1a: Blissey|Thunder Wave|p2a: Palossand\n|-immune|p2a: Palossand\n|move|p2a: Palossand|Stealth Rock||[still]\n|-fail|p2a: Palossand\n|\n|upkeep\n|turn|110\n|\n|t:|1782776785\n|move|p1a: Blissey|Thunder Wave|p2a: Palossand\n|-immune|p2a: Palossand\n|move|p2a: Palossand|Stealth Rock||[still]\n|-fail|p2a: Palossand\n|\n|upkeep\n|turn|111\n|\n|t:|1782776786\n|move|p1a: Blissey|Thunder Wave|p2a: Palossand\n|-immune|p2a: Palossand\n|move|p2a: Palossand|Stealth Rock||[still]\n|-fail|p2a: Palossand\n|\n|upkeep\n|turn|112\n|\n|t:|1782776787\n|move|p1a: Blissey|Thunder Wave|p2a: Palossand\n|-immune|p2a: Palossand\n|move|p2a: Palossand|Stealth Rock||[still]\n|-fail|p2a: Palossand\n|\n|upkeep\n|turn|113\n|\n|t:|1782776789\n|move|p1a: Blissey|Thunder Wave|p2a: Palossand\n|-immune|p2a: Palossand\n|move|p2a: Palossand|Stealth Rock||[still]\n|-fail|p2a: Palossand\n|\n|upkeep\n|turn|114\n|\n|t:|1782776790\n|move|p1a: Blissey|Seismic Toss|p2a: Palossand\n|-immune|p2a: Palossand\n|move|p2a: Palossand|Stealth Rock||[still]\n|-fail|p2a: Palossand\n|\n|upkeep\n|turn|115\n|\n|t:|1782776794\n|move|p1a: Blissey|Seismic Toss|p2a: Palossand\n|-immune|p2a: Palossand\n|move|p2a: Palossand|Stealth Rock||[still]\n|-fail|p2a: Palossand\n|\n|upkeep\n|turn|116\n|\n|t:|1782776796\n|move|p1a: Blissey|Seismic Toss|p2a: Palossand\n|-immune|p2a: Palossand\n|move|p2a: Palossand|Stealth Rock||[still]\n|-fail|p2a: Palossand\n|\n|upkeep\n|turn|117\n|\n|t:|1782776797\n|move|p1a: Blissey|Seismic Toss|p2a: Palossand\n|-immune|p2a: Palossand\n|move|p2a: Palossand|Stealth Rock||[still]\n|-fail|p2a: Palossand\n|\n|upkeep\n|turn|118\n|\n|t:|1782776798\n|move|p1a: Blissey|Seismic Toss|p2a: Palossand\n|-immune|p2a: Palossand\n|move|p2a: Palossand|Stealth Rock||[still]\n|-fail|p2a: Palossand\n|\n|upkeep\n|turn|119\n|\n|t:|1782776800\n|move|p1a: Blissey|Seismic Toss|p2a: Palossand\n|-immune|p2a: Palossand\n|move|p2a: Palossand|Stealth Rock||[still]\n|-fail|p2a: Palossand\n|\n|upkeep\n|turn|120\n|\n|t:|1782776802\n|move|p1a: Blissey|Seismic Toss|p2a: Palossand\n|-immune|p2a: Palossand\n|move|p2a: Palossand|Stealth Rock||[still]\n|-fail|p2a: Palossand\n|\n|upkeep\n|turn|121\n|\n|t:|1782776805\n|move|p1a: Blissey|Seismic Toss|p2a: Palossand\n|-immune|p2a: Palossand\n|move|p2a: Palossand|Stealth Rock||[still]\n|-fail|p2a: Palossand\n|\n|upkeep\n|turn|122\n|\n|t:|1782776806\n|move|p1a: Blissey|Seismic Toss|p2a: Palossand\n|-immune|p2a: Palossand\n|move|p2a: Palossand|Stealth Rock||[still]\n|-fail|p2a: Palossand\n|\n|upkeep\n|turn|123\n|\n|t:|1782776808\n|move|p1a: Blissey|Seismic Toss|p2a: Palossand\n|-immune|p2a: Palossand\n|move|p2a: Palossand|Shadow Ball|p1a: Blissey\n|-immune|p1a: Blissey\n|\n|upkeep\n|turn|124\n|\n|t:|1782776809\n|move|p1a: Blissey|Seismic Toss|p2a: Palossand\n|-immune|p2a: Palossand\n|move|p2a: Palossand|Stealth Rock||[still]\n|-fail|p2a: Palossand\n|\n|upkeep\n|turn|125\n|\n|t:|1782776820\n|move|p1a: Blissey|Seismic Toss|p2a: Palossand\n|-immune|p2a: Palossand\n|move|p2a: Palossand|Stealth Rock||[still]\n|-fail|p2a: Palossand\n|\n|upkeep\n|turn|126\n|\n|t:|1782776822\n|switch|p2a: Glalie|Glalie, L96, M|49/309 par\n|move|p1a: Blissey|Seismic Toss|p2a: Glalie\n|-damage|p2a: Glalie|0 fnt\n|faint|p2a: Glalie\n|\n|upkeep\n|\n|t:|1782776823\n|switch|p2a: Hariyama|Hariyama, L87, M|104/392 brn\n|-damage|p2a: Hariyama|80/392 brn|[from] Stealth Rock\n|turn|127\n|\n|t:|1782776824\n|switch|p2a: Palossand|Palossand, L89, F|296/296\n|-damage|p2a: Palossand|278/296|[from] Stealth Rock\n|move|p1a: Blissey|Seismic Toss|p2a: Palossand\n|-immune|p2a: Palossand\n|\n|-heal|p2a: Palossand|296/296|[from] item: Leftovers\n|upkeep\n|turn|128\n|\n|t:|1782776828\n|switch|p1a: Rillaboom|Rillaboom, L79, M, tera:Grass|161/288\n|-damage|p1a: Rillaboom|89/288|[from] Spikes\n|-damage|p1a: Rillaboom|53/288|[from] Stealth Rock\n|-fieldstart|move: Grassy Terrain|[from] ability: Grassy Surge|[of] p1a: Rillaboom\n|switch|p2a: Hariyama|Hariyama, L87, M|80/392 brn\n|-damage|p2a: Hariyama|56/392 brn|[from] Stealth Rock\n|\n|-heal|p1a: Rillaboom|71/288|[from] Grassy Terrain\n|-heal|p2a: Hariyama|80/392 brn|[from] Grassy Terrain\n|-damage|p2a: Hariyama|56/392 brn|[from] brn\n|upkeep\n|turn|129\n|\n|t:|1782776831\n|switch|p2a: Palossand|Palossand, L89, F|296/296\n|-damage|p2a: Palossand|278/296|[from] Stealth Rock\n|move|p1a: Rillaboom|Grassy Glide|p2a: Palossand\n|-supereffective|p2a: Palossand\n|-damage|p2a: Palossand|34/296\n|-damage|p1a: Rillaboom|43/288|[from] item: Life Orb\n|\n|-heal|p1a: Rillaboom|61/288|[from] Grassy Terrain\n|-heal|p2a: Palossand|52/296|[from] Grassy Terrain\n|-heal|p2a: Palossand|70/296|[from] item: Leftovers\n|upkeep\n|turn|130\n|\n|t:|1782776833\n|switch|p2a: Hariyama|Hariyama, L87, M|56/392 brn\n|-damage|p2a: Hariyama|32/392 brn|[from] Stealth Rock\n|move|p1a: Rillaboom|Grassy Glide|p2a: Hariyama\n|-damage|p2a: Hariyama|0 fnt\n|faint|p2a: Hariyama\n|-damage|p1a: Rillaboom|33/288|[from] item: Life Orb\n|\n|-heal|p1a: Rillaboom|51/288|[from] Grassy Terrain\n|upkeep\n|\n|t:|1782776834\n|switch|p2a: Palossand|Palossand, L89, F|70/296\n|-damage|p2a: Palossand|52/296|[from] Stealth Rock\n|turn|131\n|\n|t:|1782776835\n|-terastallize|p2a: Palossand|Water\n|move|p1a: Rillaboom|Grassy Glide|p2a: Palossand\n|-supereffective|p2a: Palossand\n|-damage|p2a: Palossand|0 fnt\n|faint|p2a: Palossand\n|-damage|p1a: Rillaboom|23/288|[from] item: Life Orb\n|\n|win|noKlew\n|raw|noKlew's rating: 2232 &rarr; <strong>2250</strong><br />(+18 for winning)\n|raw|notmetbh102's rating: 2203 &rarr; <strong>2185</strong><br />(-18 for losing)\n|c|\u2606notmetbh102|gg\n|l|\u2606notmetbh102\n|player|p2|\n|c|\u2606noKlew|gg\n", "inputlog": ">version f8ac14003a5f27e1bdc8d8c59608a773c1cb96e5\n>start {\"formatid\":\"gen9randombattle\",\"seed\":\"sodium,538c710be66c5e61942c7c16b53b5b9d\",\"rated\":\"Rated battle\"}\n>player p1 {\"name\":\"noKlew\",\"avatar\":\"102\",\"rating\":2232,\"seed\":\"sodium,26577ade4991d39b758c7d2ec3a0ec6f\"}\n>player p2 {\"name\":\"notmetbh102\",\"avatar\":\"2\",\"rating\":2203,\"seed\":\"sodium,fc8347f119ae8472a53a435b71eed314\"}\n>chat \u2606notmetbh102|hf\n>chat \u2606noKlew|u2\n>p1 move psyshock\n>p2 move knockoff\n>p1 move psyshock\n>p2 switch 6\n>p1 switch 4\n>p2 move scaleshot\n>p1 move drainingkiss\n>p2 switch 2\n>p1 move willowisp\n>p2 move ironhead\n>p1 switch 4\n>p2 move rest\n>p1 move armorcannon\n>p2 switch 2\n>p1 move armorcannon\n>p2 move scaleshot\n>p1 switch 2\n>p1 move grassyglide\n>p2 move dragonascent\n>p2 switch 3\n>p1 move knockoff\n>p2 move bulkup\n>p1 switch 4\n>p2 move bulkup\n>p1 move shadowball\n>p2 move ragingbull\n>p1 switch 5\n>p1 move boomburst\n>p2 move bulkup\n>p1 switch 3\n>p2 move closecombat\n>p1 move thunderwave\n>p2 move ragingbull\n>p1 switch 3\n>p2 move ragingbull\n>p1 move boomburst\n>p2 switch 2\n>p1 switch 3\n>p2 move irondefense\n>p1 move encore\n>p2 move ironhead\n>p1 move roost\n>p2 switch 6\n>p1 switch 3\n>p2 move facade\n>p1 move boomburst\n>p2 switch 6\n>p1 switch 3\n>p2 move bodypress\n>p1 move bugbuzz\n>p2 move irondefense\n>p1 move encore\n>p2 move bodypress\n>p1 move bugbuzz\n>p2 switch 4\n>p1 move thunderwave\n>p2 switch 2\n>p1 switch 3\n>p2 move ragingbull\n>p1 move boomburst\n>p2 move closecombat\n>p2 switch 4\n>p1 move beakblast\n>p2 move irondefense\n>p1 move beakblast\n>p2 move bodypress\n>p1 switch 4\n>p1 move swordsdance\n>p2 move irondefense\n>p1 move swordsdance\n>p2 move rest\n>p1 move woodhammer terastallize\n>p2 move irondefense\n>p1 move woodhammer\n>p2 move ironhead\n>p1 move woodhammer\n>p2 move bodypress\n>p2 switch 2\n>p1 switch 3\n>p2 move freezedry\n>p1 move bugbuzz\n>p2 move freezedry\n>p1 move roost\n>p2 move freezedry\n>p1 move roost\n>p2 move spikes\n>p1 move roost\n>p2 move spikes\n>p1 move roost\n>p2 move spikes\n>p1 move roost\n>p2 switch 5\n>p1 move roost\n>p2 move shadowball\n>p1 switch 6\n>p1 move stealthrock\n>p2 move stealthrock\n>p1 move thunderwave\n>p2 move earthpower\n>p1 move thunderwave\n>p2 move earthpower\n>p1 move thunderwave\n>p2 move earthpower\n>p1 move thunderwave\n>p2 switch 5\n>p1 move seismictoss\n>p2 move earthquake\n>p1 move seismictoss\n>p2 switch 5\n>p1 move thunderwave\n>p2 move earthpower\n>p1 move thunderwave\n>p2 move earthpower\n>p1 move thunderwave\n>p2 move earthpower\n>p1 move thunderwave\n>p2 move earthpower\n>p1 move thunderwave\n>p2 move earthpower\n>p1 move stealthrock\n>p2 move earthpower\n>p1 move softboiled\n>p2 move earthpower\n>p1 move thunderwave\n>p2 move earthpower\n>p1 move thunderwave\n>p2 move earthpower\n>p1 move softboiled\n>p2 move earthpower\n>p1 move stealthrock\n>p2 move earthpower\n>p1 move thunderwave\n>p2 move earthpower\n>p1 move thunderwave\n>p2 move stealthrock\n>p1 move thunderwave\n>p2 move shadowball\n>p1 move thunderwave\n>p2 move earthpower\n>p1 move thunderwave\n>p2 move shoreup\n>p1 move thunderwave\n>p2 move shadowball\n>p1 move thunderwave\n>p2 move stealthrock\n>p1 move thunderwave\n>p2 move shoreup\n>p1 move seismictoss\n>p2 move shadowball\n>p1 move thunderwave\n>p2 move stealthrock\n>p1 move thunderwave\n>p2 move stealthrock\n>p1 move thunderwave\n>p2 move shoreup\n>p1 move thunderwave\n>p2 move shoreup\n>p1 move stealthrock\n>p2 move stealthrock\n>p1 move stealthrock\n>p2 move shoreup\n>p1 move stealthrock\n>p2 move shoreup\n>p1 move stealthrock\n>p2 move shoreup\n>p1 move stealthrock\n>p2 move shoreup\n>p1 move stealthrock\n>p2 move shadowball\n>p1 move stealthrock\n>p2 move stealthrock\n>p1 move stealthrock\n>p2 move stealthrock\n>p1 move stealthrock\n>p2 move shadowball\n>p1 move stealthrock\n>p2 move shadowball\n>p1 move stealthrock\n>p2 move shadowball\n>p1 move stealthrock\n>p2 move shadowball\n>p1 move stealthrock\n>p2 move stealthrock\n>p1 move stealthrock\n>p2 move shadowball\n>p1 move stealthrock\n>p2 move shadowball\n>p1 move stealthrock\n>p2 move stealthrock\n>p1 move stealthrock\n>p2 move stealthrock\n>p1 move stealthrock\n>p2 move shadowball\n>p1 move stealthrock\n>p2 move shadowball\n>p1 move stealthrock\n>p2 move stealthrock\n>p1 move stealthrock\n>p2 move shadowball\n>p1 move stealthrock\n>p2 move shadowball\n>p1 move stealthrock\n>p2 move stealthrock\n>p1 move stealthrock\n>p2 move shadowball\n>p1 move stealthrock\n>p2 move shadowball\n>p1 move stealthrock\n>p2 move shadowball\n>p1 move stealthrock\n>p2 move shadowball\n>p1 move stealthrock\n>p2 move shadowball\n>p1 move stealthrock\n>p2 move shadowball\n>p1 move thunderwave\n>p2 move shadowball\n>p1 move thunderwave\n>p2 move stealthrock\n>p1 move thunderwave\n>p2 move stealthrock\n>p1 move thunderwave\n>p2 move stealthrock\n>p1 move thunderwave\n>p2 move stealthrock\n>p1 move thunderwave\n>p2 move stealthrock\n>p1 move thunderwave\n>p2 move stealthrock\n>p1 move thunderwave\n>p2 move stealthrock\n>p1 move thunderwave\n>p2 move stealthrock\n>p1 move seismictoss\n>p2 move stealthrock\n>p1 move seismictoss\n>p2 move stealthrock\n>p1 move seismictoss\n>p2 move stealthrock\n>p1 move seismictoss\n>p2 move stealthrock\n>p1 move seismictoss\n>p2 move stealthrock\n>p1 move seismictoss\n>p2 move stealthrock\n>p1 move seismictoss\n>p2 move stealthrock\n>p1 move seismictoss\n>p2 move stealthrock\n>p1 move seismictoss\n>p2 move stealthrock\n>p1 move seismictoss\n>p2 move shadowball\n>p1 move seismictoss\n>p2 move stealthrock\n>p1 move seismictoss\n>p2 move stealthrock\n>p1 move seismictoss\n>p2 switch 5\n>p2 switch 6\n>p1 move seismictoss\n>p2 switch 5\n>p1 switch 3\n>p2 switch 5\n>p1 move grassyglide\n>p2 switch 5\n>p1 move grassyglide\n>p2 switch 5\n>p2 switch 5\n>p1 move grassyglide\n>p2 move shadowball terastallize", "uploadtime": 1782776835, "views": 6, "formatid": "gen9randombattle", "rating": 2185, "private": 0, "password": null, "player_dets": [{"name": "noKlew", "avatar": "102", "rating": 2232, "seed": "sodium,26577ade4991d39b758c7d2ec3a0ec6f"}, {"name": "notmetbh102", "avatar": "2", "rating": 2203, "seed": "sodium,fc8347f119ae8472a53a435b71eed314"}], "teams_full": [{"Armarouge": {"name": "Armarouge", "species": "Armarouge", "speciesId": "armarouge", "gender": "F", "shiny": false, "level": 80, "moves": ["psyshock", "armorcannon", "meteorbeam", "energyball"], "ability": "Weak Armor", "evs": {"hp": 85, "atk": 0, "def": 85, "spa": 85, "spd": 85, "spe": 85}, "ivs": {"hp": 31, "atk": 0, "def": 31, "spa": 31, "spd": 31, "spe": 31}, "item": "Power Herb", "teraType": "Fire", "role": "Setup Sweeper", "bvs": {"hp": 85, "atk": 60, "def": 100, "spa": 125, "spd": 80, "spe": 75}, "stats": {"hp": 267, "atk": 101, "def": 206, "spa": 246, "spd": 174, "spe": 166}, "types": ["Fire", "Psychic"]}, "Rillaboom": {"name": "Rillaboom", "species": "Rillaboom", "speciesId": "rillaboom", "gender": "M", "shiny": false, "level": 79, "moves": ["grassyglide", "knockoff", "swordsdance", "woodhammer"], "ability": "Grassy Surge", "evs": {"hp": 85, "atk": 85, "def": 85, "spa": 85, "spd": 85, "spe": 85}, "ivs": {"hp": 31, "atk": 31, "def": 31, "spa": 31, "spd": 31, "spe": 31}, "item": "Life Orb", "teraType": "Grass", "role": "Wallbreaker", "bvs": {"hp": 100, "atk": 125, "def": 90, "spa": 60, "spd": 70, "spe": 85}, "stats": {"hp": 288, "atk": 243, "def": 188, "spa": 140, "spd": 156, "spe": 180}, "types": ["Grass"]}, "Illumise": {"name": "Illumise", "species": "Illumise", "speciesId": "illumise", "gender": "F", "shiny": false, "level": 91, "moves": ["bugbuzz", "roost", "encore", "thunderwave"], "ability": "Prankster", "evs": {"hp": 85, "atk": 0, "def": 85, "spa": 85, "spd": 85, "spe": 85}, "ivs": {"hp": 31, "atk": 0, "def": 31, "spa": 31, "spd": 31, "spe": 31}, "item": "Heavy-Duty Boots", "teraType": "Steel", "role": "Bulky Support", "bvs": {"hp": 65, "atk": 47, "def": 75, "spa": 73, "spd": 85, "spe": 85}, "stats": {"hp": 266, "atk": 90, "def": 188, "spa": 185, "spd": 207, "spe": 207}, "types": ["Bug"]}, "Misdreavus": {"name": "Misdreavus", "species": "Misdreavus", "speciesId": "misdreavus", "gender": "F", "shiny": false, "level": 90, "moves": ["willowisp", "drainingkiss", "shadowball", "calmmind"], "ability": "Levitate", "evs": {"hp": 85, "atk": 0, "def": 85, "spa": 85, "spd": 85, "spe": 85}, "ivs": {"hp": 31, "atk": 0, "def": 31, "spa": 31, "spd": 31, "spe": 31}, "item": "Eviolite", "teraType": "Fairy", "role": "Bulky Setup", "bvs": {"hp": 60, "atk": 60, "def": 60, "spa": 85, "spd": 85, "spe": 85}, "stats": {"hp": 254, "atk": 113, "def": 159, "spa": 204, "spd": 204, "spe": 204}, "types": ["Ghost"]}, "Toucannon": {"name": "Toucannon", "species": "Toucannon", "speciesId": "toucannon", "gender": "M", "shiny": false, "level": 88, "moves": ["beakblast", "knockoff", "boomburst", "roost"], "ability": "Keen Eye", "evs": {"hp": 85, "atk": 85, "def": 85, "spa": 85, "spd": 85, "spe": 85}, "ivs": {"hp": 31, "atk": 31, "def": 31, "spa": 31, "spd": 31, "spe": 31}, "item": "Heavy-Duty Boots", "teraType": "Steel", "role": "Bulky Support", "bvs": {"hp": 80, "atk": 120, "def": 75, "spa": 75, "spd": 75, "spe": 60}, "stats": {"hp": 284, "atk": 261, "def": 182, "spa": 182, "spd": 182, "spe": 156}, "types": ["Normal", "Flying"]}, "Blissey": {"name": "Blissey", "species": "Blissey", "speciesId": "blissey", "gender": "F", "shiny": false, "level": 85, "moves": ["softboiled", "stealthrock", "thunderwave", "seismictoss"], "ability": "Natural Cure", "evs": {"hp": 85, "atk": 0, "def": 85, "spa": 85, "spd": 85, "spe": 85}, "ivs": {"hp": 31, "atk": 0, "def": 31, "spa": 31, "spd": 31, "spe": 31}, "item": "Leftovers", "teraType": "Fairy", "role": "Bulky Support", "bvs": {"hp": 255, "atk": 10, "def": 10, "spa": 75, "spd": 135, "spe": 55}, "stats": {"hp": 572, "atk": 22, "def": 66, "spa": 176, "spd": 278, "spe": 142}, "types": ["Normal"]}}, {"Hariyama": {"name": "Hariyama", "species": "Hariyama", "speciesId": "hariyama", "gender": "M", "shiny": false, "level": 87, "moves": ["facade", "knockoff", "bulletpunch", "closecombat"], "ability": "Guts", "evs": {"hp": 85, "atk": 85, "def": 85, "spa": 85, "spd": 85, "spe": 85}, "ivs": {"hp": 31, "atk": 31, "def": 31, "spa": 31, "spd": 31, "spe": 31}, "item": "Flame Orb", "teraType": "Normal", "role": "Wallbreaker", "bvs": {"hp": 144, "atk": 120, "def": 60, "spa": 40, "spd": 60, "spe": 50}, "stats": {"hp": 392, "atk": 259, "def": 154, "spa": 119, "spd": 154, "spe": 137}, "types": ["Fighting"]}, "Registeel": {"name": "Registeel", "species": "Registeel", "speciesId": "registeel", "gender": "N", "shiny": false, "level": 81, "moves": ["ironhead", "bodypress", "rest", "irondefense"], "ability": "Clear Body", "evs": {"hp": 85, "atk": 85, "def": 85, "spa": 85, "spd": 85, "spe": 85}, "ivs": {"hp": 31, "atk": 31, "def": 31, "spa": 31, "spd": 31, "spe": 31}, "item": "Chesto Berry", "teraType": "Fighting", "role": "Bulky Setup", "bvs": {"hp": 80, "atk": 75, "def": 150, "spa": 75, "spd": 150, "spe": 50}, "stats": {"hp": 262, "atk": 168, "def": 290, "spa": 168, "spd": 290, "spe": 128}, "types": ["Steel"]}, "Tauros": {"name": "Tauros", "species": "Tauros-Paldea-Blaze", "speciesId": "taurospaldeablaze", "gender": "M", "shiny": false, "level": 81, "moves": ["bulkup", "ragingbull", "substitute", "closecombat"], "ability": "Cud Chew", "evs": {"hp": 73, "atk": 85, "def": 85, "spa": 85, "spd": 85, "spe": 85}, "ivs": {"hp": 31, "atk": 31, "def": 31, "spa": 31, "spd": 31, "spe": 31}, "item": "Sitrus Berry", "teraType": "Water", "role": "Fast Bulky Setup", "bvs": {"hp": 75, "atk": 110, "def": 105, "spa": 30, "spd": 70, "spe": 100}, "stats": {"hp": 252, "atk": 225, "def": 217, "spa": 95, "spd": 160, "spe": 209}, "types": ["Fighting", "Fire"]}, "Glalie": {"name": "Glalie", "species": "Glalie", "speciesId": "glalie", "gender": "M", "shiny": false, "level": 96, "moves": ["taunt", "earthquake", "freezedry", "spikes"], "ability": "Inner Focus", "evs": {"hp": 85, "atk": 85, "def": 85, "spa": 85, "spd": 85, "spe": 85}, "ivs": {"hp": 31, "atk": 31, "def": 31, "spa": 31, "spd": 31, "spe": 31}, "item": "Heavy-Duty Boots", "teraType": "Ground", "role": "Fast Support", "bvs": {"hp": 80, "atk": 80, "def": 80, "spa": 80, "spd": 80, "spe": 80}, "stats": {"hp": 309, "atk": 208, "def": 208, "spa": 208, "spd": 208, "spe": 208}, "types": ["Ice"]}, "Palossand": {"name": "Palossand", "species": "Palossand", "speciesId": "palossand", "gender": "F", "shiny": false, "level": 89, "moves": ["shadowball", "earthpower", "stealthrock", "shoreup"], "ability": "Water Compaction", "evs": {"hp": 85, "atk": 0, "def": 85, "spa": 85, "spd": 85, "spe": 85}, "ivs": {"hp": 31, "atk": 0, "def": 31, "spa": 31, "spd": 31, "spe": 31}, "item": "Leftovers", "teraType": "Water", "role": "Bulky Support", "bvs": {"hp": 85, "atk": 75, "def": 110, "spa": 100, "spd": 75, "spe": 35}, "stats": {"hp": 296, "atk": 138, "def": 247, "spa": 229, "spd": 184, "spe": 113}, "types": ["Ghost", "Ground"]}, "Rayquaza": {"name": "Rayquaza", "species": "Rayquaza", "speciesId": "rayquaza", "gender": "N", "shiny": false, "level": 72, "moves": ["dragonascent", "scaleshot", "swordsdance", "earthquake"], "ability": "Air Lock", "evs": {"hp": 85, "atk": 85, "def": 85, "spa": 85, "spd": 85, "spe": 85}, "ivs": {"hp": 31, "atk": 31, "def": 31, "spa": 31, "spd": 31, "spe": 31}, "item": "Loaded Dice", "teraType": "Dragon", "role": "Fast Bulky Setup", "bvs": {"hp": 105, "atk": 150, "def": 90, "spa": 150, "spd": 90, "spe": 95}, "stats": {"hp": 270, "atk": 258, "def": 172, "spa": 258, "spd": 172, "spe": 179}, "types": ["Dragon", "Flying"]}}]}