{"id": "gen9randombattle-2641550344", "format": "[Gen 9] Random Battle", "players": ["sirpooopsalot", "vigil ignis"], "log": "|j|\u2606sirpooopsalot\n|j|\u2606vigil ignis\n|t:|1782805980\n|gametype|singles\n|player|p1|sirpooopsalot|ghetsis|1497\n|player|p2|vigil ignis|crasherwake|1515\n|gen|9\n|tier|[Gen 9] Random Battle\n|rated|\n|rule|Species Clause: Limit one of each Pok\u00e9mon\n|rule|HP Percentage Mod: HP is shown in percentages\n|rule|Sleep Clause Mod: Limit one foe put to sleep\n|rule|Illusion Level Mod: Illusion disguises the Pok\u00e9mon's true level\n|\n|t:|1782805980\n|teamsize|p1|6\n|teamsize|p2|6\n|start\n|switch|p1a: Honchkrow|Honchkrow, L86, M|312/312\n|switch|p2a: Froslass|Froslass, L87, F|263/263\n|turn|1\n|inactive|Battle timer is ON: inactive players will automatically lose when time's up. (requested by vigil ignis)\n|\n|t:|1782805990\n|move|p2a: Froslass|Spikes|p1a: Honchkrow\n|-sidestart|p1: sirpooopsalot|Spikes\n|move|p1a: Honchkrow|Thunder Wave|p2a: Froslass\n|-status|p2a: Froslass|par\n|\n|upkeep\n|turn|2\n|\n|t:|1782805999\n|move|p1a: Honchkrow|Sucker Punch||[still]\n|-fail|p1a: Honchkrow\n|cant|p2a: Froslass|par\n|\n|upkeep\n|turn|3\n|\n|t:|1782806006\n|move|p1a: Honchkrow|Lash Out|p2a: Froslass\n|-supereffective|p2a: Froslass\n|-damage|p2a: Froslass|21/263 par\n|cant|p2a: Froslass|par\n|\n|upkeep\n|turn|4\n|c|\u2606sirpooopsalot|dam i feel bad for u\n|\n|t:|1782806022\n|switch|p2a: Moltres|Moltres, L81|278/278\n|move|p1a: Honchkrow|Lash Out|p2a: Moltres\n|-damage|p2a: Moltres|178/278\n|\n|upkeep\n|turn|5\n|\n|t:|1782806031\n|switch|p2a: Froslass|Froslass, L87, F|21/263 par\n|move|p1a: Honchkrow|Thunder Wave|p2a: Froslass\n|-fail|p2a: Froslass|par\n|\n|upkeep\n|turn|6\n|c|\u2606sirpooopsalot|um ok\n|\n|t:|1782806040\n|switch|p2a: Moltres|Moltres, L81|178/278\n|move|p1a: Honchkrow|Lash Out|p2a: Moltres\n|-damage|p2a: Moltres|75/278\n|\n|upkeep\n|turn|7\n|\n|t:|1782806047\n|move|p2a: Moltres|Roost|p2a: Moltres\n|-heal|p2a: Moltres|214/278\n|-singleturn|p2a: Moltres|move: Roost\n|move|p1a: Honchkrow|Lash Out|p2a: Moltres\n|-damage|p2a: Moltres|114/278\n|\n|upkeep\n|turn|8\n|\n|t:|1782806054\n|switch|p2a: Froslass|Froslass, L87, F|21/263 par\n|move|p1a: Honchkrow|Lash Out|p2a: Froslass\n|-supereffective|p2a: Froslass\n|-damage|p2a: Froslass|0 fnt\n|faint|p2a: Froslass\n|-ability|p1a: Honchkrow|Moxie|boost\n|-boost|p1a: Honchkrow|atk|1\n|\n|upkeep\n|\n|t:|1782806057\n|switch|p2a: Milotic|Milotic, L83, F|293/293\n|turn|9\n|\n|t:|1782806066\n|switch|p2a: Moltres|Moltres, L81|114/278\n|move|p1a: Honchkrow|Thunder Wave|p2a: Moltres\n|-status|p2a: Moltres|par\n|\n|upkeep\n|turn|10\n|\n|t:|1782806072\n|move|p1a: Honchkrow|Lash Out|p2a: Moltres\n|-damage|p2a: Moltres|0 fnt\n|faint|p2a: Moltres\n|-ability|p1a: Honchkrow|Moxie|boost\n|-boost|p1a: Honchkrow|atk|1\n|\n|upkeep\n|\n|t:|1782806076\n|switch|p2a: Mabosstiff|Mabosstiff, L86, M|278/278\n|turn|11\n|\n|t:|1782806091\n|switch|p1a: Arcanine|Arcanine, L84, F|288/288\n|-ability|p1a: Arcanine|Intimidate|boost\n|-unboost|p2a: Mabosstiff|atk|1\n|move|p2a: Mabosstiff|Wild Charge|p1a: Arcanine\n|-damage|p1a: Arcanine|181/288\n|-damage|p2a: Mabosstiff|251/278|[from] Recoil\n|\n|upkeep\n|turn|12\n|\n|t:|1782806103\n|switch|p2a: Barraskewda|Barraskewda, L81, F|231/231\n|move|p1a: Arcanine|Flare Blitz|p2a: Barraskewda\n|-resisted|p2a: Barraskewda\n|-damage|p2a: Barraskewda|142/231\n|-damage|p1a: Arcanine|152/288|[from] Recoil\n|\n|upkeep\n|turn|13\n|\n|t:|1782806125\n|-terastallize|p1a: Arcanine|Normal\n|move|p1a: Arcanine|Extreme Speed|p2a: Barraskewda\n|-damage|p2a: Barraskewda|25/231\n|move|p2a: Barraskewda|Flip Turn|p1a: Arcanine\n|-damage|p1a: Arcanine|37/288\n|\n|t:|1782806137\n|switch|p2a: Mabosstiff|Mabosstiff, L86, M|251/278|[from] Flip Turn\n|\n|upkeep\n|turn|14\n|\n|t:|1782806147\n|move|p2a: Mabosstiff|Wild Charge|p1a: Arcanine\n|-damage|p1a: Arcanine|0 fnt\n|faint|p1a: Arcanine\n|-damage|p2a: Mabosstiff|242/278|[from] Recoil\n|\n|upkeep\n|\n|t:|1782806155\n|switch|p1a: Azumarill|Azumarill, L82, F|298/298\n|-damage|p1a: Azumarill|261/298|[from] Spikes\n|turn|15\n|\n|t:|1782806169\n|switch|p1a: Rhyperior|Rhyperior, L82, F|323/323\n|-damage|p1a: Rhyperior|283/323|[from] Spikes\n|move|p2a: Mabosstiff|Wild Charge|p1a: Rhyperior\n|-immune|p1a: Rhyperior\n|\n|upkeep\n|turn|16\n|\n|t:|1782806179\n|switch|p2a: Barraskewda|Barraskewda, L81, F|25/231\n|move|p1a: Rhyperior|Dragon Tail|p2a: Barraskewda\n|-damage|p2a: Barraskewda|0 fnt\n|faint|p2a: Barraskewda\n|\n|upkeep\n|\n|t:|1782806181\n|switch|p2a: Milotic|Milotic, L83, F|293/293\n|turn|17\n|\n|t:|1782806192\n|switch|p1a: Wo-Chien|Wo-Chien, L83|277/277\n|-damage|p1a: Wo-Chien|243/277|[from] Spikes\n|-ability|p1a: Wo-Chien|Tablets of Ruin\n|move|p2a: Milotic|Scald|p1a: Wo-Chien\n|-resisted|p1a: Wo-Chien\n|-damage|p1a: Wo-Chien|213/277\n|\n|-heal|p1a: Wo-Chien|230/277|[from] item: Leftovers\n|upkeep\n|turn|18\n|\n|t:|1782806207\n|move|p2a: Milotic|Ice Beam|p1a: Wo-Chien\n|-supereffective|p1a: Wo-Chien\n|-damage|p1a: Wo-Chien|132/277\n|-status|p1a: Wo-Chien|frz\n|cant|p1a: Wo-Chien|frz\n|\n|-heal|p1a: Wo-Chien|149/277 frz|[from] item: Leftovers\n|upkeep\n|turn|19\n|c|\u2606sirpooopsalot|oh no\n|\n|t:|1782806218\n|move|p2a: Milotic|Ice Beam|p1a: Wo-Chien\n|-supereffective|p1a: Wo-Chien\n|-damage|p1a: Wo-Chien|57/277 frz\n|cant|p1a: Wo-Chien|frz\n|\n|-heal|p1a: Wo-Chien|74/277 frz|[from] item: Leftovers\n|upkeep\n|turn|20\n|\n|t:|1782806226\n|switch|p1a: Azumarill|Azumarill, L82, F|261/298\n|-damage|p1a: Azumarill|224/298|[from] Spikes\n|move|p2a: Milotic|Ice Beam|p1a: Azumarill\n|-resisted|p1a: Azumarill\n|-damage|p1a: Azumarill|188/298\n|\n|upkeep\n|turn|21\n|\n|t:|1782806235\n|move|p2a: Milotic|Scald|p1a: Azumarill\n|-resisted|p1a: Azumarill\n|-damage|p1a: Azumarill|139/298\n|-status|p1a: Azumarill|brn\n|move|p1a: Azumarill|Play Rough|p2a: Milotic\n|-damage|p2a: Milotic|206/293\n|\n|-heal|p2a: Milotic|224/293|[from] item: Leftovers\n|-damage|p1a: Azumarill|121/298 brn|[from] brn\n|upkeep\n|turn|22\n|c|\u2606sirpooopsalot|WHY\n|\n|t:|1782806255\n|move|p2a: Milotic|Scald|p1a: Azumarill\n|-resisted|p1a: Azumarill\n|-damage|p1a: Azumarill|75/298 brn\n|move|p1a: Azumarill|Play Rough|p2a: Milotic\n|-damage|p2a: Milotic|134/293\n|\n|-heal|p2a: Milotic|152/293|[from] item: Leftovers\n|-damage|p1a: Azumarill|57/298 brn|[from] brn\n|upkeep\n|turn|23\n|\n|t:|1782806265\n|move|p2a: Milotic|Recover|p2a: Milotic\n|-heal|p2a: Milotic|293/293\n|move|p1a: Azumarill|Play Rough|p2a: Milotic|[miss]\n|-miss|p1a: Azumarill|p2a: Milotic\n|\n|-damage|p1a: Azumarill|39/298 brn|[from] brn\n|upkeep\n|turn|24\n|c|\u2606sirpooopsalot|yay\n|\n|t:|1782806280\n|switch|p1a: Scream Tail|Scream Tail, L84|330/330\n|-damage|p1a: Scream Tail|289/330|[from] Spikes\n|move|p2a: Milotic|Scald|p1a: Scream Tail\n|-damage|p1a: Scream Tail|214/330\n|\n|-heal|p1a: Scream Tail|234/330|[from] item: Leftovers\n|upkeep\n|turn|25\n|\n|t:|1782806289\n|move|p1a: Scream Tail|Thunder Wave|p2a: Milotic\n|-status|p2a: Milotic|par\n|move|p2a: Milotic|Scald|p1a: Scream Tail\n|-damage|p1a: Scream Tail|162/330\n|-status|p1a: Scream Tail|brn\n|\n|-heal|p1a: Scream Tail|182/330 brn|[from] item: Leftovers\n|-damage|p1a: Scream Tail|162/330 brn|[from] brn\n|upkeep\n|turn|26\n|c|\u2606sirpooopsalot|yay\n|\n|t:|1782806301\n|move|p1a: Scream Tail|Wish|p1a: Scream Tail\n|move|p2a: Milotic|Scald|p1a: Scream Tail\n|-damage|p1a: Scream Tail|92/330 brn\n|\n|-heal|p1a: Scream Tail|112/330 brn|[from] item: Leftovers\n|-damage|p1a: Scream Tail|92/330 brn|[from] brn\n|upkeep\n|turn|27\n|\n|t:|1782806308\n|move|p1a: Scream Tail|Protect|p1a: Scream Tail\n|-singleturn|p1a: Scream Tail|Protect\n|cant|p2a: Milotic|par\n|\n|-heal|p1a: Scream Tail|257/330 brn|[from] move: Wish|[wisher] Scream Tail\n|-heal|p1a: Scream Tail|277/330 brn|[from] item: Leftovers\n|-damage|p1a: Scream Tail|257/330 brn|[from] brn\n|upkeep\n|turn|28\n|\n|t:|1782806317\n|move|p1a: Scream Tail|Dazzling Gleam|p2a: Milotic\n|-damage|p2a: Milotic|247/293 par\n|move|p2a: Milotic|Ice Beam|p1a: Scream Tail\n|-damage|p1a: Scream Tail|201/330 brn\n|\n|-heal|p1a: Scream Tail|221/330 brn|[from] item: Leftovers\n|-heal|p2a: Milotic|265/293 par|[from] item: Leftovers\n|-damage|p1a: Scream Tail|201/330 brn|[from] brn\n|upkeep\n|turn|29\n|\n|t:|1782806327\n|move|p1a: Scream Tail|Dazzling Gleam|p2a: Milotic\n|-damage|p2a: Milotic|213/293 par\n|move|p2a: Milotic|Scald|p1a: Scream Tail\n|-damage|p1a: Scream Tail|129/330 brn\n|\n|-heal|p1a: Scream Tail|149/330 brn|[from] item: Leftovers\n|-heal|p2a: Milotic|231/293 par|[from] item: Leftovers\n|-damage|p1a: Scream Tail|129/330 brn|[from] brn\n|upkeep\n|turn|30\n|\n|t:|1782806337\n|move|p1a: Scream Tail|Wish|p1a: Scream Tail\n|move|p2a: Milotic|Scald|p1a: Scream Tail\n|-damage|p1a: Scream Tail|65/330 brn\n|\n|-heal|p1a: Scream Tail|85/330 brn|[from] item: Leftovers\n|-heal|p2a: Milotic|249/293 par|[from] item: Leftovers\n|-damage|p1a: Scream Tail|65/330 brn|[from] brn\n|upkeep\n|turn|31\n|\n|t:|1782806345\n|switch|p2a: Mabosstiff|Mabosstiff, L86, M|242/278\n|move|p1a: Scream Tail|Protect||[still]\n|-fail|p1a: Scream Tail\n|\n|-heal|p1a: Scream Tail|230/330 brn|[from] move: Wish|[wisher] Scream Tail\n|-heal|p1a: Scream Tail|250/330 brn|[from] item: Leftovers\n|-damage|p1a: Scream Tail|230/330 brn|[from] brn\n|upkeep\n|turn|32\n|\n|t:|1782806361\n|switch|p2a: Milotic|Milotic, L83, F|249/293 par\n|move|p1a: Scream Tail|Dazzling Gleam|p2a: Milotic\n|-damage|p2a: Milotic|195/293 par\n|\n|-heal|p1a: Scream Tail|250/330 brn|[from] item: Leftovers\n|-heal|p2a: Milotic|213/293 par|[from] item: Leftovers\n|-damage|p1a: Scream Tail|230/330 brn|[from] brn\n|upkeep\n|turn|33\n|\n|t:|1782806370\n|move|p1a: Scream Tail|Dazzling Gleam|p2a: Milotic\n|-damage|p2a: Milotic|164/293 par\n|cant|p2a: Milotic|par\n|\n|-heal|p1a: Scream Tail|250/330 brn|[from] item: Leftovers\n|-heal|p2a: Milotic|182/293 par|[from] item: Leftovers\n|-damage|p1a: Scream Tail|230/330 brn|[from] brn\n|upkeep\n|turn|34\n|\n|t:|1782806378\n|move|p1a: Scream Tail|Dazzling Gleam|p2a: Milotic\n|-damage|p2a: Milotic|131/293 par\n|cant|p2a: Milotic|par\n|\n|-heal|p1a: Scream Tail|250/330 brn|[from] item: Leftovers\n|-heal|p2a: Milotic|149/293 par|[from] item: Leftovers\n|-damage|p1a: Scream Tail|230/330 brn|[from] brn\n|upkeep\n|turn|35\n|c|\u2606sirpooopsalot|I WILL STALL YOU TO DEATH\n|\n|t:|1782806390\n|move|p1a: Scream Tail|Dazzling Gleam|p2a: Milotic\n|-damage|p2a: Milotic|98/293 par\n|move|p2a: Milotic|Recover|p2a: Milotic\n|-heal|p2a: Milotic|245/293 par\n|\n|-heal|p1a: Scream Tail|250/330 brn|[from] item: Leftovers\n|-heal|p2a: Milotic|263/293 par|[from] item: Leftovers\n|-damage|p1a: Scream Tail|230/330 brn|[from] brn\n|upkeep\n|turn|36\n|\n|t:|1782806401\n|move|p1a: Scream Tail|Wish|p1a: Scream Tail\n|move|p2a: Milotic|Scald|p1a: Scream Tail\n|-damage|p1a: Scream Tail|164/330 brn\n|\n|-heal|p1a: Scream Tail|184/330 brn|[from] item: Leftovers\n|-heal|p2a: Milotic|281/293 par|[from] item: Leftovers\n|-damage|p1a: Scream Tail|164/330 brn|[from] brn\n|upkeep\n|turn|37\n|\n|t:|1782806409\n|move|p1a: Scream Tail|Dazzling Gleam|p2a: Milotic\n|-damage|p2a: Milotic|232/293 par\n|move|p2a: Milotic|Scald|p1a: Scream Tail\n|-damage|p1a: Scream Tail|98/330 brn\n|\n|-heal|p1a: Scream Tail|263/330 brn|[from] move: Wish|[wisher] Scream Tail\n|-heal|p1a: Scream Tail|283/330 brn|[from] item: Leftovers\n|-heal|p2a: Milotic|250/293 par|[from] item: Leftovers\n|-damage|p1a: Scream Tail|263/330 brn|[from] brn\n|upkeep\n|turn|38\n|\n|t:|1782806412\n|move|p1a: Scream Tail|Dazzling Gleam|p2a: Milotic\n|-damage|p2a: Milotic|205/293 par\n|move|p2a: Milotic|Ice Beam|p1a: Scream Tail\n|-damage|p1a: Scream Tail|210/330 brn\n|\n|-heal|p1a: Scream Tail|230/330 brn|[from] item: Leftovers\n|-heal|p2a: Milotic|223/293 par|[from] item: Leftovers\n|-damage|p1a: Scream Tail|210/330 brn|[from] brn\n|upkeep\n|turn|39\n|\n|t:|1782806418\n|move|p1a: Scream Tail|Dazzling Gleam|p2a: Milotic\n|-damage|p2a: Milotic|174/293 par\n|move|p2a: Milotic|Scald|p1a: Scream Tail\n|-damage|p1a: Scream Tail|137/330 brn\n|\n|-heal|p1a: Scream Tail|157/330 brn|[from] item: Leftovers\n|-heal|p2a: Milotic|192/293 par|[from] item: Leftovers\n|-damage|p1a: Scream Tail|137/330 brn|[from] brn\n|upkeep\n|turn|40\n|\n|t:|1782806420\n|move|p1a: Scream Tail|Wish|p1a: Scream Tail\n|cant|p2a: Milotic|par\n|\n|-heal|p1a: Scream Tail|157/330 brn|[from] item: Leftovers\n|-heal|p2a: Milotic|210/293 par|[from] item: Leftovers\n|-damage|p1a: Scream Tail|137/330 brn|[from] brn\n|upkeep\n|turn|41\n|\n|t:|1782806429\n|move|p1a: Scream Tail|Protect|p1a: Scream Tail\n|-singleturn|p1a: Scream Tail|Protect\n|move|p2a: Milotic|Ice Beam|p1a: Scream Tail\n|-activate|p1a: Scream Tail|move: Protect\n|\n|-heal|p1a: Scream Tail|302/330 brn|[from] move: Wish|[wisher] Scream Tail\n|-heal|p1a: Scream Tail|322/330 brn|[from] item: Leftovers\n|-heal|p2a: Milotic|228/293 par|[from] item: Leftovers\n|-damage|p1a: Scream Tail|302/330 brn|[from] brn\n|upkeep\n|turn|42\n|\n|t:|1782806441\n|move|p1a: Scream Tail|Dazzling Gleam|p2a: Milotic\n|-crit|p2a: Milotic\n|-damage|p2a: Milotic|156/293 par\n|move|p2a: Milotic|Scald|p1a: Scream Tail\n|-damage|p1a: Scream Tail|236/330 brn\n|\n|-heal|p1a: Scream Tail|256/330 brn|[from] item: Leftovers\n|-heal|p2a: Milotic|174/293 par|[from] item: Leftovers\n|-damage|p1a: Scream Tail|236/330 brn|[from] brn\n|upkeep\n|turn|43\n|\n|t:|1782806456\n|move|p1a: Scream Tail|Dazzling Gleam|p2a: Milotic\n|-damage|p2a: Milotic|126/293 par\n|move|p2a: Milotic|Recover|p2a: Milotic\n|-heal|p2a: Milotic|273/293 par\n|\n|-heal|p1a: Scream Tail|256/330 brn|[from] item: Leftovers\n|-heal|p2a: Milotic|291/293 par|[from] item: Leftovers\n|-damage|p1a: Scream Tail|236/330 brn|[from] brn\n|upkeep\n|turn|44\n|\n|t:|1782806465\n|move|p1a: Scream Tail|Dazzling Gleam|p2a: Milotic\n|-damage|p2a: Milotic|242/293 par\n|move|p2a: Milotic|Scald|p1a: Scream Tail\n|-damage|p1a: Scream Tail|161/330 brn\n|\n|-heal|p1a: Scream Tail|181/330 brn|[from] item: Leftovers\n|-heal|p2a: Milotic|260/293 par|[from] item: Leftovers\n|-damage|p1a: Scream Tail|161/330 brn|[from] brn\n|upkeep\n|turn|45\n|\n|t:|1782806474\n|move|p1a: Scream Tail|Wish|p1a: Scream Tail\n|move|p2a: Milotic|Scald|p1a: Scream Tail\n|-damage|p1a: Scream Tail|95/330 brn\n|\n|-heal|p1a: Scream Tail|115/330 brn|[from] item: Leftovers\n|-heal|p2a: Milotic|278/293 par|[from] item: Leftovers\n|-damage|p1a: Scream Tail|95/330 brn|[from] brn\n|upkeep\n|turn|46\n|\n|t:|1782806482\n|move|p1a: Scream Tail|Protect|p1a: Scream Tail\n|-singleturn|p1a: Scream Tail|Protect\n|move|p2a: Milotic|Ice Beam|p1a: Scream Tail\n|-activate|p1a: Scream Tail|move: Protect\n|\n|-heal|p1a: Scream Tail|260/330 brn|[from] move: Wish|[wisher] Scream Tail\n|-heal|p1a: Scream Tail|280/330 brn|[from] item: Leftovers\n|-heal|p2a: Milotic|293/293 par|[from] item: Leftovers\n|-damage|p1a: Scream Tail|260/330 brn|[from] brn\n|upkeep\n|turn|47\n|\n|t:|1782806493\n|move|p1a: Scream Tail|Wish|p1a: Scream Tail\n|move|p2a: Milotic|Scald|p1a: Scream Tail\n|-damage|p1a: Scream Tail|191/330 brn\n|\n|-heal|p1a: Scream Tail|211/330 brn|[from] item: Leftovers\n|-damage|p1a: Scream Tail|191/330 brn|[from] brn\n|upkeep\n|turn|48\n|\n|t:|1782806502\n|-end|p1a: Scream Tail|Protosynthesis|[silent]\n|switch|p1a: Wo-Chien|Wo-Chien, L83|74/277 frz\n|-damage|p1a: Wo-Chien|40/277 frz|[from] Spikes\n|-ability|p1a: Wo-Chien|Tablets of Ruin\n|cant|p2a: Milotic|par\n|\n|-heal|p1a: Wo-Chien|205/277 frz|[from] move: Wish|[wisher] Scream Tail\n|-heal|p1a: Wo-Chien|222/277 frz|[from] item: Leftovers\n|upkeep\n|turn|49\n|\n|t:|1782806516\n|switch|p2a: Mabosstiff|Mabosstiff, L86, M|242/278\n|-curestatus|p1a: Wo-Chien|frz|[msg]\n|move|p1a: Wo-Chien|Leech Seed|p2a: Mabosstiff\n|-start|p2a: Mabosstiff|move: Leech Seed\n|\n|-heal|p1a: Wo-Chien|239/277|[from] item: Leftovers\n|-damage|p2a: Mabosstiff|208/278|[from] Leech Seed|[of] p1a: Wo-Chien\n|-heal|p1a: Wo-Chien|273/277|[silent]\n|upkeep\n|turn|50\n|\n|t:|1782806526\n|switch|p2a: Milotic|Milotic, L83, F|293/293 par\n|move|p1a: Wo-Chien|Ruination|p2a: Milotic\n|-damage|p2a: Milotic|147/293 par\n|\n|-heal|p1a: Wo-Chien|277/277|[from] item: Leftovers\n|-heal|p2a: Milotic|165/293 par|[from] item: Leftovers\n|upkeep\n|turn|51\n|\n|t:|1782806534\n|move|p1a: Wo-Chien|Leech Seed|p2a: Milotic\n|-start|p2a: Milotic|move: Leech Seed\n|move|p2a: Milotic|Dragon Tail|p1a: Wo-Chien\n|-damage|p1a: Wo-Chien|258/277\n|drag|p1a: Honchkrow|Honchkrow, L86, M|312/312\n|\n|-heal|p2a: Milotic|183/293 par|[from] item: Leftovers\n|-damage|p2a: Milotic|147/293 par|[from] Leech Seed|[of] p1a: Honchkrow\n|upkeep\n|turn|52\n|\n|t:|1782806546\n|switch|p2a: Mabosstiff|Mabosstiff, L86, M|208/278\n|move|p1a: Honchkrow|Brave Bird|p2a: Mabosstiff\n|-damage|p2a: Mabosstiff|54/278\n|-damage|p1a: Honchkrow|261/312|[from] Recoil\n|\n|upkeep\n|turn|53\n|\n|t:|1782806554\n|switch|p2a: Milotic|Milotic, L83, F|147/293 par\n|move|p1a: Honchkrow|Sucker Punch||[still]\n|-fail|p1a: Honchkrow\n|\n|-heal|p2a: Milotic|165/293 par|[from] item: Leftovers\n|upkeep\n|turn|54\n|\n|t:|1782806561\n|move|p1a: Honchkrow|Brave Bird|p2a: Milotic\n|-damage|p2a: Milotic|0 fnt\n|faint|p2a: Milotic\n|-ability|p1a: Honchkrow|Moxie|boost\n|-boost|p1a: Honchkrow|atk|1\n|-damage|p1a: Honchkrow|207/312|[from] Recoil\n|\n|upkeep\n|c|\u2606sirpooopsalot|YES\n|\n|t:|1782806572\n|switch|p2a: Mabosstiff|Mabosstiff, L86, M|54/278\n|turn|55\n|\n|t:|1782806575\n|switch|p2a: Carbink|Carbink, L90|236/236\n|move|p1a: Honchkrow|Sucker Punch||[still]\n|-fail|p1a: Honchkrow\n|\n|upkeep\n|turn|56\n|\n|t:|1782806587\n|switch|p1a: Rhyperior|Rhyperior, L82, F|283/323\n|-damage|p1a: Rhyperior|243/323|[from] Spikes\n|move|p2a: Carbink|Iron Defense|p2a: Carbink\n|-boost|p2a: Carbink|def|2\n|\n|upkeep\n|turn|57\n|\n|t:|1782806598\n|move|p2a: Carbink|Iron Defense|p2a: Carbink\n|-boost|p2a: Carbink|def|2\n|move|p1a: Rhyperior|Earthquake|p2a: Carbink\n|-supereffective|p2a: Carbink\n|-damage|p2a: Carbink|182/236\n|\n|upkeep\n|turn|58\n|\n|t:|1782806606\n|switch|p1a: Scream Tail|Scream Tail, L84|191/330 brn\n|-damage|p1a: Scream Tail|150/330 brn|[from] Spikes\n|move|p2a: Carbink|Iron Defense|p2a: Carbink\n|-boost|p2a: Carbink|def|2\n|\n|-heal|p1a: Scream Tail|170/330 brn|[from] item: Leftovers\n|-damage|p1a: Scream Tail|150/330 brn|[from] brn\n|upkeep\n|turn|59\n|\n|t:|1782806615\n|move|p1a: Scream Tail|Wish|p1a: Scream Tail\n|move|p2a: Carbink|Body Press|p1a: Scream Tail\n|-resisted|p1a: Scream Tail\n|-damage|p1a: Scream Tail|67/330 brn\n|\n|-heal|p1a: Scream Tail|87/330 brn|[from] item: Leftovers\n|-damage|p1a: Scream Tail|67/330 brn|[from] brn\n|upkeep\n|turn|60\n|\n|t:|1782806632\n|move|p1a: Scream Tail|Protect|p1a: Scream Tail\n|-singleturn|p1a: Scream Tail|Protect\n|move|p2a: Carbink|Moonblast|p1a: Scream Tail\n|-activate|p1a: Scream Tail|move: Protect\n|\n|-heal|p1a: Scream Tail|232/330 brn|[from] move: Wish|[wisher] Scream Tail\n|-heal|p1a: Scream Tail|252/330 brn|[from] item: Leftovers\n|-damage|p1a: Scream Tail|232/330 brn|[from] brn\n|upkeep\n|turn|61\n|\n|t:|1782806642\n|move|p1a: Scream Tail|Wish|p1a: Scream Tail\n|move|p2a: Carbink|Moonblast|p1a: Scream Tail\n|-crit|p1a: Scream Tail\n|-damage|p1a: Scream Tail|135/330 brn\n|\n|-heal|p1a: Scream Tail|155/330 brn|[from] item: Leftovers\n|-damage|p1a: Scream Tail|135/330 brn|[from] brn\n|upkeep\n|turn|62\n|\n|t:|1782806651\n|move|p1a: Scream Tail|Protect|p1a: Scream Tail\n|-singleturn|p1a: Scream Tail|Protect\n|move|p2a: Carbink|Moonblast|p1a: Scream Tail\n|-activate|p1a: Scream Tail|move: Protect\n|\n|-heal|p1a: Scream Tail|300/330 brn|[from] move: Wish|[wisher] Scream Tail\n|-heal|p1a: Scream Tail|320/330 brn|[from] item: Leftovers\n|-damage|p1a: Scream Tail|300/330 brn|[from] brn\n|upkeep\n|turn|63\n|\n|t:|1782806661\n|move|p1a: Scream Tail|Thunder Wave|p2a: Carbink\n|-status|p2a: Carbink|par\n|move|p2a: Carbink|Moonblast|p1a: Scream Tail\n|-damage|p1a: Scream Tail|239/330 brn\n|\n|-heal|p1a: Scream Tail|259/330 brn|[from] item: Leftovers\n|-damage|p1a: Scream Tail|239/330 brn|[from] brn\n|upkeep\n|turn|64\n|\n|t:|1782806670\n|move|p1a: Scream Tail|Dazzling Gleam|p2a: Carbink\n|-damage|p2a: Carbink|143/236 par\n|move|p2a: Carbink|Moonblast|p1a: Scream Tail\n|-damage|p1a: Scream Tail|178/330 brn\n|\n|-heal|p1a: Scream Tail|198/330 brn|[from] item: Leftovers\n|-damage|p1a: Scream Tail|178/330 brn|[from] brn\n|upkeep\n|turn|65\n|inactive|sirpooopsalot has 120 seconds left.\n|\n|t:|1782806703\n|-end|p1a: Scream Tail|Protosynthesis|[silent]\n|switch|p1a: Rhyperior|Rhyperior, L82, F|243/323\n|-damage|p1a: Rhyperior|203/323|[from] Spikes\n|move|p2a: Carbink|Moonblast|p1a: Rhyperior\n|-damage|p1a: Rhyperior|130/323\n|\n|upkeep\n|turn|66\n|\n|t:|1782806713\n|move|p1a: Rhyperior|Earthquake|p2a: Carbink\n|-supereffective|p2a: Carbink\n|-damage|p2a: Carbink|99/236 par\n|cant|p2a: Carbink|par\n|\n|upkeep\n|turn|67\n|\n|t:|1782806718\n|move|p1a: Rhyperior|Earthquake|p2a: Carbink\n|-supereffective|p2a: Carbink\n|-damage|p2a: Carbink|57/236 par\n|move|p2a: Carbink|Rest|p2a: Carbink\n|-status|p2a: Carbink|slp|[from] move: Rest\n|-heal|p2a: Carbink|236/236 slp|[silent]\n|-enditem|p2a: Carbink|Chesto Berry|[eat]\n|-curestatus|p2a: Carbink|slp|[msg]\n|\n|upkeep\n|turn|68\n|\n|t:|1782806737\n|move|p2a: Carbink|Body Press|p1a: Rhyperior\n|-supereffective|p1a: Rhyperior\n|-damage|p1a: Rhyperior|0 fnt\n|faint|p1a: Rhyperior\n|\n|upkeep\n|inactive|sirpooopsalot has 120 seconds left.\n|\n|t:|1782806748\n|switch|p1a: Wo-Chien|Wo-Chien, L83|258/277\n|-damage|p1a: Wo-Chien|224/277|[from] Spikes\n|-ability|p1a: Wo-Chien|Tablets of Ruin\n|turn|69\n|\n|t:|1782806754\n|move|p1a: Wo-Chien|Ruination|p2a: Carbink\n|-damage|p2a: Carbink|118/236\n|move|p2a: Carbink|Body Press|p1a: Wo-Chien\n|-supereffective|p1a: Wo-Chien\n|-damage|p1a: Wo-Chien|0 fnt\n|faint|p1a: Wo-Chien\n|\n|upkeep\n|\n|t:|1782806762\n|switch|p1a: Scream Tail|Scream Tail, L84|178/330 brn\n|-damage|p1a: Scream Tail|137/330 brn|[from] Spikes\n|turn|70\n|\n|t:|1782806767\n|move|p1a: Scream Tail|Thunder Wave|p2a: Carbink\n|-status|p2a: Carbink|par\n|move|p2a: Carbink|Rest|p2a: Carbink\n|-status|p2a: Carbink|slp|[from] move: Rest\n|-heal|p2a: Carbink|236/236 slp|[silent]\n|\n|-heal|p1a: Scream Tail|157/330 brn|[from] item: Leftovers\n|-damage|p1a: Scream Tail|137/330 brn|[from] brn\n|upkeep\n|turn|71\n|\n|t:|1782806784\n|move|p1a: Scream Tail|Wish|p1a: Scream Tail\n|cant|p2a: Carbink|slp\n|\n|-heal|p1a: Scream Tail|157/330 brn|[from] item: Leftovers\n|-damage|p1a: Scream Tail|137/330 brn|[from] brn\n|upkeep\n|turn|72\n|\n|t:|1782806791\n|-end|p1a: Scream Tail|Protosynthesis|[silent]\n|switch|p1a: Azumarill|Azumarill, L82, F|39/298 brn\n|-damage|p1a: Azumarill|2/298 brn|[from] Spikes\n|cant|p2a: Carbink|slp\n|\n|-heal|p1a: Azumarill|167/298 brn|[from] move: Wish|[wisher] Scream Tail\n|-damage|p1a: Azumarill|149/298 brn|[from] brn\n|upkeep\n|turn|73\n|inactive|sirpooopsalot has 120 seconds left.\n|c|\u2606sirpooopsalot|1 crit and its over\n|\n|t:|1782806819\n|-curestatus|p2a: Carbink|slp|[msg]\n|move|p2a: Carbink|Body Press|p1a: Azumarill\n|-resisted|p1a: Azumarill\n|-damage|p1a: Azumarill|0 fnt\n|faint|p1a: Azumarill\n|\n|upkeep\n|\n|t:|1782806828\n|switch|p1a: Scream Tail|Scream Tail, L84|137/330 brn\n|-damage|p1a: Scream Tail|96/330 brn|[from] Spikes\n|turn|74\n|c|\u2606vigil ignis|start praying then\n|\n|t:|1782806842\n|move|p1a: Scream Tail|Wish|p1a: Scream Tail\n|move|p2a: Carbink|Moonblast|p1a: Scream Tail\n|-damage|p1a: Scream Tail|35/330 brn\n|\n|-heal|p1a: Scream Tail|55/330 brn|[from] item: Leftovers\n|-damage|p1a: Scream Tail|35/330 brn|[from] brn\n|upkeep\n|turn|75\n|c|\u2606sirpooopsalot|yes\n|\n|t:|1782806849\n|move|p1a: Scream Tail|Protect|p1a: Scream Tail\n|-singleturn|p1a: Scream Tail|Protect\n|move|p2a: Carbink|Body Press|p1a: Scream Tail\n|-activate|p1a: Scream Tail|move: Protect\n|\n|-heal|p1a: Scream Tail|200/330 brn|[from] move: Wish|[wisher] Scream Tail\n|-heal|p1a: Scream Tail|220/330 brn|[from] item: Leftovers\n|-damage|p1a: Scream Tail|200/330 brn|[from] brn\n|upkeep\n|turn|76\n|c|\u2606sirpooopsalot|dis guy evil\n|\n|t:|1782806867\n|move|p1a: Scream Tail|Wish|p1a: Scream Tail\n|move|p2a: Carbink|Moonblast|p1a: Scream Tail\n|-damage|p1a: Scream Tail|139/330 brn\n|-unboost|p1a: Scream Tail|spa|1\n|\n|-heal|p1a: Scream Tail|159/330 brn|[from] item: Leftovers\n|-damage|p1a: Scream Tail|139/330 brn|[from] brn\n|upkeep\n|turn|77\n|\n|t:|1782806878\n|move|p1a: Scream Tail|Protect|p1a: Scream Tail\n|-singleturn|p1a: Scream Tail|Protect\n|move|p2a: Carbink|Moonblast|p1a: Scream Tail\n|-activate|p1a: Scream Tail|move: Protect\n|\n|-heal|p1a: Scream Tail|304/330 brn|[from] move: Wish|[wisher] Scream Tail\n|-heal|p1a: Scream Tail|324/330 brn|[from] item: Leftovers\n|-damage|p1a: Scream Tail|304/330 brn|[from] brn\n|upkeep\n|turn|78\n|\n|t:|1782806888\n|-end|p1a: Scream Tail|Protosynthesis|[silent]\n|switch|p1a: Honchkrow|Honchkrow, L86, M|207/312\n|move|p2a: Carbink|Moonblast|p1a: Honchkrow\n|-supereffective|p1a: Honchkrow\n|-damage|p1a: Honchkrow|0 fnt\n|faint|p1a: Honchkrow\n|\n|upkeep\n|inactive|sirpooopsalot has 120 seconds left.\n|c|\u2606sirpooopsalot|i think it over\n|\n|t:|1782806904\n|switch|p1a: Scream Tail|Scream Tail, L84|304/330 brn\n|-damage|p1a: Scream Tail|263/330 brn|[from] Spikes\n|turn|79\n|inactive|sirpooopsalot has 120 seconds left.\n|\n|t:|1782806910\n|move|p1a: Scream Tail|Protect|p1a: Scream Tail\n|-singleturn|p1a: Scream Tail|Protect\n|move|p2a: Carbink|Moonblast|p1a: Scream Tail\n|-activate|p1a: Scream Tail|move: Protect\n|\n|-heal|p1a: Scream Tail|283/330 brn|[from] item: Leftovers\n|-damage|p1a: Scream Tail|263/330 brn|[from] brn\n|upkeep\n|turn|80\n|inactive|sirpooopsalot has 120 seconds left.\n|c|\u2606sirpooopsalot|PP STALL TIME\n|c|\u2606sirpooopsalot|i hope\n|\n|t:|1782806932\n|move|p1a: Scream Tail|Thunder Wave|p2a: Carbink\n|-status|p2a: Carbink|par\n|move|p2a: Carbink|Body Press|p1a: Scream Tail\n|-resisted|p1a: Scream Tail\n|-damage|p1a: Scream Tail|186/330 brn\n|\n|-heal|p1a: Scream Tail|206/330 brn|[from] item: Leftovers\n|-damage|p1a: Scream Tail|186/330 brn|[from] brn\n|upkeep\n|turn|81\n|c|\u2606sirpooopsalot|dam im cooked\n|inactive|sirpooopsalot has 90 seconds left.\n|\n|t:|1782806962\n|move|p1a: Scream Tail|Dazzling Gleam|p2a: Carbink\n|-damage|p2a: Carbink|199/236 par\n|move|p2a: Carbink|Moonblast|p1a: Scream Tail\n|-damage|p1a: Scream Tail|126/330 brn\n|\n|-heal|p1a: Scream Tail|146/330 brn|[from] item: Leftovers\n|-damage|p1a: Scream Tail|126/330 brn|[from] brn\n|upkeep\n|turn|82\n|\n|t:|1782806971\n|move|p1a: Scream Tail|Wish|p1a: Scream Tail\n|move|p2a: Carbink|Moonblast|p1a: Scream Tail\n|-damage|p1a: Scream Tail|60/330 brn\n|\n|-heal|p1a: Scream Tail|80/330 brn|[from] item: Leftovers\n|-damage|p1a: Scream Tail|60/330 brn|[from] brn\n|upkeep\n|turn|83\n|\n|t:|1782806980\n|move|p1a: Scream Tail|Protect|p1a: Scream Tail\n|-singleturn|p1a: Scream Tail|Protect\n|move|p2a: Carbink|Rest|p2a: Carbink\n|-status|p2a: Carbink|slp|[from] move: Rest\n|-heal|p2a: Carbink|236/236 slp|[silent]\n|\n|-heal|p1a: Scream Tail|225/330 brn|[from] move: Wish|[wisher] Scream Tail\n|-heal|p1a: Scream Tail|245/330 brn|[from] item: Leftovers\n|-damage|p1a: Scream Tail|225/330 brn|[from] brn\n|upkeep\n|turn|84\n|c|\u2606sirpooopsalot|may have to timer stall\n|c|\u2606sirpooopsalot|soz\n|inactive|sirpooopsalot has 90 seconds left.\n|c|\u2606sirpooopsalot|oh wait dat not how it work in dis game\n|c|\u2606sirpooopsalot|ggwp\n|-message|sirpooopsalot forfeited.\n|\n|win|vigil ignis\n", "inputlog": ">version f8ac14003a5f27e1bdc8d8c59608a773c1cb96e5\n>start {\"formatid\":\"gen9randombattle\",\"seed\":\"sodium,ef0bdd663bb9d8e41bb609b29b532800\",\"rated\":\"Rated battle\"}\n>player p1 {\"name\":\"sirpooopsalot\",\"avatar\":\"ghetsis\",\"rating\":1497,\"seed\":\"sodium,edfc46f49115b55326935483c7a12315\"}\n>player p2 {\"name\":\"vigil ignis\",\"avatar\":\"crasherwake\",\"rating\":1515,\"seed\":\"sodium,e6b81f3afa7a5349138b00cc8d912865\"}\n>p1 move thunderwave\n>p2 move spikes\n>p1 move suckerpunch\n>p2 move spikes\n>p1 move lashout\n>p2 move spikes\n>chat \u2606sirpooopsalot|dam i feel bad for u\n>p1 move lashout\n>p2 switch 2\n>p1 move thunderwave\n>p2 switch 2\n>chat \u2606sirpooopsalot|um ok\n>p1 move lashout\n>p2 switch 2\n>p1 move lashout\n>p2 move roost\n>p1 move lashout\n>p2 switch 2\n>p2 switch 6\n>p1 move thunderwave\n>p2 switch 2\n>p1 move lashout\n>p2 move roost\n>p2 switch 4\n>p1 switch 5\n>p2 move wildcharge\n>p1 move flareblitz\n>p2 switch 3\n>p1 move extremespeed terastallize\n>p2 move flipturn\n>p2 switch 3\n>p1 move morningsun\n>p2 move wildcharge\n>p1 switch 4\n>p1 switch 6\n>p2 move wildcharge\n>p1 move dragontail\n>p2 switch 3\n>p2 switch 2\n>p1 switch 2\n>p2 move scald\n>p1 move leechseed\n>p2 move icebeam\n>chat \u2606sirpooopsalot|oh no\n>p1 move leechseed\n>p2 move icebeam\n>p1 switch 6\n>p2 move icebeam\n>p1 move playrough\n>p2 move scald\n>chat \u2606sirpooopsalot|WHY\n>p1 move playrough\n>p2 move scald\n>p1 move playrough\n>p2 move recover\n>chat \u2606sirpooopsalot|yay\n>p1 switch 3\n>p2 move scald\n>p1 move thunderwave\n>p2 move scald\n>chat \u2606sirpooopsalot|yay\n>p1 move wish\n>p2 move scald\n>p1 move protect\n>p2 move scald\n>p1 move dazzlinggleam\n>p2 move icebeam\n>p1 move dazzlinggleam\n>p2 move scald\n>p1 move wish\n>p2 move scald\n>p1 move protect\n>p2 switch 3\n>p1 move dazzlinggleam\n>p2 switch 3\n>p1 move dazzlinggleam\n>p2 move scald\n>p1 move dazzlinggleam\n>p2 move icebeam\n>chat \u2606sirpooopsalot|I WILL STALL YOU TO DEATH\n>p1 move dazzlinggleam\n>p2 move recover\n>p1 move wish\n>p2 move scald\n>p1 move dazzlinggleam\n>p2 move scald\n>p1 move dazzlinggleam\n>p2 move icebeam\n>p1 move dazzlinggleam\n>p2 move scald\n>p1 move wish\n>p2 move scald\n>p1 move protect\n>p2 move icebeam\n>p1 move dazzlinggleam\n>p2 move scald\n>p1 move dazzlinggleam\n>p2 move recover\n>p1 move dazzlinggleam\n>p2 move scald\n>p1 move wish\n>p2 move scald\n>p1 move protect\n>p2 move icebeam\n>p1 move wish\n>p2 move scald\n>p1 switch 6\n>p2 move scald\n>p1 move leechseed\n>p2 switch 3\n>p1 move ruination\n>p2 switch 3\n>p1 move leechseed\n>p2 move dragontail\n>p1 move bravebird\n>p2 switch 3\n>p1 move suckerpunch\n>p2 switch 3\n>p1 move bravebird\n>p2 move icebeam\n>chat \u2606sirpooopsalot|YES\n>p2 switch 3\n>p1 move suckerpunch\n>p2 switch 5\n>p1 switch 2\n>p2 move irondefense\n>p1 move earthquake\n>p2 move irondefense\n>p1 switch 6\n>p2 move irondefense\n>p1 move wish\n>p2 move bodypress\n>p1 move protect\n>p2 move moonblast\n>p1 move wish\n>p2 move moonblast\n>p1 move protect\n>p2 move moonblast\n>p1 move thunderwave\n>p2 move moonblast\n>p1 move dazzlinggleam\n>p2 move moonblast\n>p1 switch 6\n>p2 move moonblast\n>p1 move earthquake\n>p2 move rest\n>p1 move earthquake\n>p2 move rest\n>p1 move earthquake\n>p2 move bodypress\n>p1 switch 5\n>p1 move ruination\n>p2 move bodypress\n>p1 switch 6\n>p1 move thunderwave\n>p2 move rest\n>p1 move wish\n>p2 move bodypress\n>p1 switch 3\n>p2 move bodypress\n>chat \u2606sirpooopsalot|1 crit and its over\n>p1 move liquidation\n>p2 move bodypress\n>p1 switch 3\n>chat \u2606vigil ignis|start praying then\n>p1 move wish\n>p2 move moonblast\n>chat \u2606sirpooopsalot|yes\n>p1 move protect\n>p2 move bodypress\n>chat \u2606sirpooopsalot|dis guy evil\n>p1 move wish\n>p2 move moonblast\n>p1 move protect\n>p2 move moonblast\n>p1 switch 2\n>p2 move moonblast\n>chat \u2606sirpooopsalot|i think it over\n>p1 switch 2\n>p1 move protect\n>p2 move moonblast\n>chat \u2606sirpooopsalot|PP STALL TIME \n>chat \u2606sirpooopsalot|i hope\n>p1 move thunderwave\n>p2 move bodypress\n>chat \u2606sirpooopsalot|dam im cooked\n>p1 move dazzlinggleam\n>p2 move moonblast\n>p1 move wish\n>p2 move moonblast\n>p1 move protect\n>p2 move rest\n>chat \u2606sirpooopsalot|may have to timer stall\n>chat \u2606sirpooopsalot|soz\n>chat \u2606sirpooopsalot|oh wait dat not how it work in dis game\n>chat \u2606sirpooopsalot|ggwp\n>forcelose p1", "uploadtime": 1782806388, "views": 2, "formatid": "gen9randombattle", "rating": null, "private": 0, "password": null, "player_dets": [{"name": "sirpooopsalot", "avatar": "ghetsis", "rating": 1497, "seed": "sodium,edfc46f49115b55326935483c7a12315"}, {"name": "vigil ignis", "avatar": "crasherwake", "rating": 1515, "seed": "sodium,e6b81f3afa7a5349138b00cc8d912865"}], "teams_full": [{"Honchkrow": {"name": "Honchkrow", "species": "Honchkrow", "speciesId": "honchkrow", "gender": "M", "shiny": false, "level": 86, "moves": ["bravebird", "thunderwave", "lashout", "suckerpunch"], "ability": "Moxie", "evs": {"hp": 85, "atk": 85, "def": 85, "spa": 85, "spd": 85, "spe": 85}, "ivs": {"hp": 31, "atk": 31, "def": 31, "spa": 31, "spd": 31, "spe": 31}, "item": "Heavy-Duty Boots", "teraType": "Dark", "role": "Wallbreaker", "bvs": {"hp": 100, "atk": 125, "def": 52, "spa": 105, "spd": 52, "spe": 71}, "stats": {"hp": 312, "atk": 264, "def": 139, "spa": 230, "spd": 139, "spe": 171}, "types": ["Dark", "Flying"]}, "Wo-Chien": {"name": "Wo-Chien", "species": "Wo-Chien", "speciesId": "wochien", "gender": "N", "shiny": false, "level": 83, "moves": ["leechseed", "ruination", "knockoff", "protect"], "ability": "Tablets of Ruin", "evs": {"hp": 85, "atk": 85, "def": 85, "spa": 85, "spd": 85, "spe": 85}, "ivs": {"hp": 31, "atk": 31, "def": 31, "spa": 31, "spd": 31, "spe": 31}, "item": "Leftovers", "teraType": "Poison", "role": "Bulky Support", "bvs": {"hp": 85, "atk": 85, "def": 100, "spa": 95, "spd": 135, "spe": 70}, "stats": {"hp": 277, "atk": 189, "def": 214, "spa": 205, "spd": 272, "spe": 164}, "types": ["Dark", "Grass"]}, "Scream Tail": {"name": "Scream Tail", "species": "Scream Tail", "speciesId": "screamtail", "gender": "N", "shiny": false, "level": 84, "moves": ["dazzlinggleam", "protect", "wish", "thunderwave"], "ability": "Protosynthesis", "evs": {"hp": 85, "atk": 0, "def": 85, "spa": 85, "spd": 85, "spe": 85}, "ivs": {"hp": 31, "atk": 0, "def": 31, "spa": 31, "spd": 31, "spe": 31}, "item": "Leftovers", "teraType": "Steel", "role": "Bulky Attacker", "bvs": {"hp": 115, "atk": 65, "def": 99, "spa": 65, "spd": 115, "spe": 111}, "stats": {"hp": 330, "atk": 114, "def": 215, "spa": 157, "spd": 241, "spe": 235}, "types": ["Fairy", "Psychic"]}, "Azumarill": {"name": "Azumarill", "species": "Azumarill", "speciesId": "azumarill", "gender": "F", "shiny": false, "level": 82, "moves": ["playrough", "aquajet", "knockoff", "liquidation"], "ability": "Huge Power", "evs": {"hp": 85, "atk": 85, "def": 85, "spa": 85, "spd": 85, "spe": 85}, "ivs": {"hp": 31, "atk": 31, "def": 31, "spa": 31, "spd": 31, "spe": 31}, "item": "Choice Band", "teraType": "Water", "role": "Bulky Attacker", "bvs": {"hp": 100, "atk": 50, "def": 80, "spa": 60, "spd": 80, "spe": 50}, "stats": {"hp": 298, "atk": 129, "def": 178, "spa": 146, "spd": 178, "spe": 129}, "types": ["Water", "Fairy"]}, "Arcanine": {"name": "Arcanine", "species": "Arcanine", "speciesId": "arcanine", "gender": "F", "shiny": false, "level": 84, "moves": ["roar", "morningsun", "extremespeed", "flareblitz"], "ability": "Intimidate", "evs": {"hp": 85, "atk": 85, "def": 85, "spa": 85, "spd": 85, "spe": 85}, "ivs": {"hp": 31, "atk": 31, "def": 31, "spa": 31, "spd": 31, "spe": 31}, "item": "Heavy-Duty Boots", "teraType": "Normal", "role": "Bulky Attacker", "bvs": {"hp": 90, "atk": 110, "def": 80, "spa": 100, "spd": 80, "spe": 95}, "stats": {"hp": 288, "atk": 233, "def": 183, "spa": 216, "spd": 183, "spe": 208}, "types": ["Fire"]}, "Rhyperior": {"name": "Rhyperior", "species": "Rhyperior", "speciesId": "rhyperior", "gender": "F", "shiny": false, "level": 82, "moves": ["earthquake", "megahorn", "dragontail", "stoneedge"], "ability": "Solid Rock", "evs": {"hp": 85, "atk": 85, "def": 85, "spa": 85, "spd": 85, "spe": 85}, "ivs": {"hp": 31, "atk": 31, "def": 31, "spa": 31, "spd": 31, "spe": 31}, "item": "Assault Vest", "teraType": "Steel", "role": "Bulky Attacker", "bvs": {"hp": 115, "atk": 140, "def": 130, "spa": 55, "spd": 55, "spe": 40}, "stats": {"hp": 323, "atk": 277, "def": 260, "spa": 137, "spd": 137, "spe": 113}, "types": ["Ground", "Rock"]}}, {"Froslass": {"name": "Froslass", "species": "Froslass", "speciesId": "froslass", "gender": "F", "shiny": false, "level": 87, "moves": ["taunt", "spikes", "poltergeist", "tripleaxel"], "ability": "Cursed Body", "evs": {"hp": 81, "atk": 85, "def": 85, "spa": 85, "spd": 85, "spe": 85}, "ivs": {"hp": 31, "atk": 31, "def": 31, "spa": 31, "spd": 31, "spe": 31}, "item": "Wide Lens", "teraType": "Ice", "role": "Fast Support", "bvs": {"hp": 70, "atk": 80, "def": 70, "spa": 80, "spd": 70, "spe": 110}, "stats": {"hp": 263, "atk": 189, "def": 172, "spa": 189, "spd": 172, "spe": 241}, "types": ["Ice", "Ghost"]}, "Moltres": {"name": "Moltres", "species": "Moltres", "speciesId": "moltres", "gender": "N", "shiny": false, "level": 81, "moves": ["bravebird", "roost", "fireblast", "scorchingsands"], "ability": "Flame Body", "evs": {"hp": 85, "atk": 85, "def": 85, "spa": 85, "spd": 85, "spe": 85}, "ivs": {"hp": 31, "atk": 31, "def": 31, "spa": 31, "spd": 31, "spe": 31}, "item": "Heavy-Duty Boots", "teraType": "Ground", "role": "Bulky Attacker", "bvs": {"hp": 90, "atk": 100, "def": 90, "spa": 125, "spd": 85, "spe": 90}, "stats": {"hp": 278, "atk": 209, "def": 192, "spa": 249, "spd": 184, "spe": 192}, "types": ["Fire", "Flying"]}, "Barraskewda": {"name": "Barraskewda", "species": "Barraskewda", "speciesId": "barraskewda", "gender": "F", "shiny": false, "level": 81, "moves": ["poisonjab", "closecombat", "flipturn", "waterfall"], "ability": "Swift Swim", "evs": {"hp": 85, "atk": 85, "def": 85, "spa": 85, "spd": 85, "spe": 85}, "ivs": {"hp": 31, "atk": 31, "def": 31, "spa": 31, "spd": 31, "spe": 31}, "item": "Choice Band", "teraType": "Water", "role": "Wallbreaker", "bvs": {"hp": 61, "atk": 123, "def": 60, "spa": 60, "spd": 50, "spe": 136}, "stats": {"hp": 231, "atk": 246, "def": 144, "spa": 144, "spd": 128, "spe": 267}, "types": ["Water"]}, "Mabosstiff": {"name": "Mabosstiff", "species": "Mabosstiff", "speciesId": "mabosstiff", "gender": "M", "shiny": false, "level": 86, "moves": ["crunch", "wildcharge", "playrough", "psychicfangs"], "ability": "Stakeout", "evs": {"hp": 85, "atk": 85, "def": 85, "spa": 85, "spd": 85, "spe": 85}, "ivs": {"hp": 31, "atk": 31, "def": 31, "spa": 31, "spd": 31, "spe": 31}, "item": "Choice Scarf", "teraType": "Fairy", "role": "Bulky Attacker", "bvs": {"hp": 80, "atk": 120, "def": 90, "spa": 60, "spd": 70, "spe": 85}, "stats": {"hp": 278, "atk": 256, "def": 204, "spa": 152, "spd": 170, "spe": 195}, "types": ["Dark"]}, "Carbink": {"name": "Carbink", "species": "Carbink", "speciesId": "carbink", "gender": "N", "shiny": false, "level": 90, "moves": ["moonblast", "rest", "bodypress", "irondefense"], "ability": "Sturdy", "evs": {"hp": 85, "atk": 0, "def": 85, "spa": 85, "spd": 85, "spe": 85}, "ivs": {"hp": 31, "atk": 0, "def": 31, "spa": 31, "spd": 31, "spe": 31}, "item": "Chesto Berry", "teraType": "Fighting", "role": "Fast Bulky Setup", "bvs": {"hp": 50, "atk": 50, "def": 150, "spa": 50, "spd": 150, "spe": 50}, "stats": {"hp": 236, "atk": 95, "def": 321, "spa": 141, "spd": 321, "spe": 141}, "types": ["Rock", "Fairy"]}, "Milotic": {"name": "Milotic", "species": "Milotic", "speciesId": "milotic", "gender": "F", "shiny": false, "level": 83, "moves": ["icebeam", "dragontail", "scald", "recover"], "ability": "Competitive", "evs": {"hp": 85, "atk": 85, "def": 85, "spa": 85, "spd": 85, "spe": 85}, "ivs": {"hp": 31, "atk": 31, "def": 31, "spa": 31, "spd": 31, "spe": 31}, "item": "Leftovers", "teraType": "Dragon", "role": "Bulky Attacker", "bvs": {"hp": 95, "atk": 60, "def": 79, "spa": 100, "spd": 125, "spe": 81}, "stats": {"hp": 293, "atk": 147, "def": 179, "spa": 214, "spd": 255, "spe": 182}, "types": ["Water"]}}]}