{"id": "gen9randombattle-2641639824", "format": "[Gen 9] Random Battle", "players": ["Specialdie", "possss"], "log": "|j|\u2606Specialdie\n|j|\u2606possss\n|t:|1782823290\n|gametype|singles\n|player|p1|Specialdie|acetrainer-gen4dp|2216\n|player|p2|possss|grimsley|2036\n|gen|9\n|tier|[Gen 9] Random Battle\n|rated|\n|rule|Species Clause: Limit one of each Pok\u00e9mon\n|rule|HP Percentage Mod: HP is shown in percentages\n|rule|Sleep Clause Mod: Limit one foe put to sleep\n|rule|Illusion Level Mod: Illusion disguises the Pok\u00e9mon's true level\n|\n|t:|1782823290\n|teamsize|p1|6\n|teamsize|p2|6\n|start\n|switch|p1a: Iron Boulder|Iron Boulder, L77|265/265\n|switch|p2a: Fezandipiti|Fezandipiti, L82, M|278/278\n|turn|1\n|inactive|Battle timer is ON: inactive players will automatically lose when time's up. (requested by Specialdie)\n|\n|t:|1782823309\n|switch|p2a: Gliscor|Gliscor, L76, F|239/239\n|move|p1a: Iron Boulder|Zen Headbutt|p2a: Gliscor|[miss]\n|-miss|p1a: Iron Boulder|p2a: Gliscor\n|\n|-status|p2a: Gliscor|tox|[from] item: Toxic Orb\n|upkeep\n|turn|2\n|\n|t:|1782823322\n|-end|p1a: Iron Boulder|Quark Drive|[silent]\n|switch|p1a: Snorlax|Snorlax, L82, M|397/397\n|move|p2a: Gliscor|Substitute|p2a: Gliscor\n|-start|p2a: Gliscor|Substitute\n|-damage|p2a: Gliscor|180/239 tox\n|\n|-heal|p2a: Gliscor|209/239 tox|[from] ability: Poison Heal\n|upkeep\n|turn|3\n|\n|t:|1782823328\n|move|p2a: Gliscor|Toxic|p1a: Snorlax\n|-status|p1a: Snorlax|tox\n|move|p1a: Snorlax|Curse|p1a: Snorlax\n|-unboost|p1a: Snorlax|spe|1\n|-boost|p1a: Snorlax|atk|1\n|-boost|p1a: Snorlax|def|1\n|\n|-heal|p2a: Gliscor|238/239 tox|[from] ability: Poison Heal\n|-damage|p1a: Snorlax|373/397 tox|[from] psn\n|upkeep\n|turn|4\n|\n|t:|1782823335\n|move|p2a: Gliscor|Earthquake|p1a: Snorlax\n|-damage|p1a: Snorlax|301/397 tox\n|move|p1a: Snorlax|Body Slam|p2a: Gliscor\n|-end|p2a: Gliscor|Substitute\n|\n|-heal|p1a: Snorlax|325/397 tox|[from] item: Leftovers\n|-heal|p2a: Gliscor|239/239 tox|[from] ability: Poison Heal\n|-damage|p1a: Snorlax|277/397 tox|[from] psn\n|upkeep\n|turn|5\n|\n|t:|1782823352\n|switch|p2a: Umbreon|Umbreon, L84, M|297/297\n|move|p1a: Snorlax|Rest|p1a: Snorlax\n|-status|p1a: Snorlax|slp|[from] move: Rest\n|-heal|p1a: Snorlax|397/397 slp|[silent]\n|\n|upkeep\n|turn|6\n|\n|t:|1782823368\n|move|p2a: Umbreon|Foul Play|p1a: Snorlax\n|-damage|p1a: Snorlax|262/397 slp\n|cant|p1a: Snorlax|slp\n|move|p1a: Snorlax|Sleep Talk|p1a: Snorlax\n|move|p1a: Snorlax|Body Slam|p2a: Umbreon|[from] move: Sleep Talk\n|-damage|p2a: Umbreon|180/297\n|\n|-heal|p2a: Umbreon|198/297|[from] item: Leftovers\n|-heal|p1a: Snorlax|286/397 slp|[from] item: Leftovers\n|upkeep\n|turn|7\n|\n|t:|1782823377\n|move|p2a: Umbreon|Foul Play|p1a: Snorlax\n|-damage|p1a: Snorlax|154/397 slp\n|cant|p1a: Snorlax|slp\n|move|p1a: Snorlax|Sleep Talk|p1a: Snorlax\n|move|p1a: Snorlax|Curse|p1a: Snorlax|[from] move: Sleep Talk\n|-unboost|p1a: Snorlax|spe|1\n|-boost|p1a: Snorlax|atk|1\n|-boost|p1a: Snorlax|def|1\n|\n|-heal|p2a: Umbreon|216/297|[from] item: Leftovers\n|-heal|p1a: Snorlax|178/397 slp|[from] item: Leftovers\n|upkeep\n|turn|8\n|\n|t:|1782823392\n|move|p2a: Umbreon|Foul Play|p1a: Snorlax\n|-damage|p1a: Snorlax|40/397 slp\n|-curestatus|p1a: Snorlax|slp|[msg]\n|move|p1a: Snorlax|Rest|p1a: Snorlax\n|-status|p1a: Snorlax|slp|[from] move: Rest\n|-heal|p1a: Snorlax|397/397 slp|[silent]\n|\n|-heal|p2a: Umbreon|234/297|[from] item: Leftovers\n|upkeep\n|turn|9\n|inactive|possss has 120 seconds left.\n|\n|t:|1782823422\n|move|p2a: Umbreon|Foul Play|p1a: Snorlax\n|-damage|p1a: Snorlax|258/397 slp\n|cant|p1a: Snorlax|slp\n|move|p1a: Snorlax|Sleep Talk|p1a: Snorlax\n|move|p1a: Snorlax|Body Slam|p2a: Umbreon|[from] move: Sleep Talk\n|-damage|p2a: Umbreon|75/297\n|\n|-heal|p2a: Umbreon|93/297|[from] item: Leftovers\n|-heal|p1a: Snorlax|282/397 slp|[from] item: Leftovers\n|upkeep\n|turn|10\n|\n|t:|1782823431\n|move|p2a: Umbreon|Foul Play|p1a: Snorlax\n|-damage|p1a: Snorlax|135/397 slp\n|cant|p1a: Snorlax|slp\n|move|p1a: Snorlax|Sleep Talk|p1a: Snorlax\n|move|p1a: Snorlax|Curse|p1a: Snorlax|[from] move: Sleep Talk\n|-unboost|p1a: Snorlax|spe|1\n|-boost|p1a: Snorlax|atk|1\n|-boost|p1a: Snorlax|def|1\n|\n|-heal|p2a: Umbreon|111/297|[from] item: Leftovers\n|-heal|p1a: Snorlax|159/397 slp|[from] item: Leftovers\n|upkeep\n|turn|11\n|\n|t:|1782823440\n|move|p2a: Umbreon|Foul Play|p1a: Snorlax\n|-damage|p1a: Snorlax|27/397 slp\n|-curestatus|p1a: Snorlax|slp|[msg]\n|move|p1a: Snorlax|Rest|p1a: Snorlax\n|-status|p1a: Snorlax|slp|[from] move: Rest\n|-heal|p1a: Snorlax|397/397 slp|[silent]\n|\n|-heal|p2a: Umbreon|129/297|[from] item: Leftovers\n|upkeep\n|turn|12\n|\n|t:|1782823444\n|move|p2a: Umbreon|Foul Play|p1a: Snorlax\n|-damage|p1a: Snorlax|265/397 slp\n|cant|p1a: Snorlax|slp\n|move|p1a: Snorlax|Sleep Talk|p1a: Snorlax\n|move|p1a: Snorlax|Curse|p1a: Snorlax|[from] move: Sleep Talk\n|-unboost|p1a: Snorlax|spe|1\n|-boost|p1a: Snorlax|atk|1\n|-boost|p1a: Snorlax|def|1\n|\n|-heal|p2a: Umbreon|147/297|[from] item: Leftovers\n|-heal|p1a: Snorlax|289/397 slp|[from] item: Leftovers\n|upkeep\n|turn|13\n|\n|t:|1782823451\n|move|p2a: Umbreon|Foul Play|p1a: Snorlax\n|-damage|p1a: Snorlax|162/397 slp\n|cant|p1a: Snorlax|slp\n|move|p1a: Snorlax|Sleep Talk|p1a: Snorlax\n|move|p1a: Snorlax|Rest||[from] move: Sleep Talk|[still]\n|-fail|p1a: Snorlax\n|\n|-heal|p2a: Umbreon|165/297|[from] item: Leftovers\n|-heal|p1a: Snorlax|186/397 slp|[from] item: Leftovers\n|upkeep\n|turn|14\n|\n|t:|1782823457\n|move|p2a: Umbreon|Foul Play|p1a: Snorlax\n|-damage|p1a: Snorlax|36/397 slp\n|-curestatus|p1a: Snorlax|slp|[msg]\n|move|p1a: Snorlax|Rest|p1a: Snorlax\n|-status|p1a: Snorlax|slp|[from] move: Rest\n|-heal|p1a: Snorlax|397/397 slp|[silent]\n|\n|-heal|p2a: Umbreon|183/297|[from] item: Leftovers\n|upkeep\n|turn|15\n|\n|t:|1782823463\n|move|p2a: Umbreon|Foul Play|p1a: Snorlax\n|-damage|p1a: Snorlax|259/397 slp\n|cant|p1a: Snorlax|slp\n|move|p1a: Snorlax|Sleep Talk|p1a: Snorlax\n|move|p1a: Snorlax|Body Slam|p2a: Umbreon|[from] move: Sleep Talk\n|-damage|p2a: Umbreon|0 fnt\n|faint|p2a: Umbreon\n|\n|-heal|p1a: Snorlax|283/397 slp|[from] item: Leftovers\n|upkeep\n|\n|t:|1782823470\n|switch|p2a: Hydreigon|Hydreigon, L79, M|275/275\n|turn|16\n|\n|t:|1782823488\n|switch|p1a: Lucario|Lucario, L84, M|255/255\n|move|p2a: Hydreigon|Dark Pulse|p1a: Lucario\n|-resisted|p1a: Lucario\n|-damage|p1a: Lucario|176/255\n|-ability|p1a: Lucario|Justified|boost\n|-boost|p1a: Lucario|atk|1\n|\n|upkeep\n|turn|17\n|\n|t:|1782823502\n|switch|p2a: Gliscor|Gliscor, L76, F|239/239 tox\n|move|p1a: Lucario|Meteor Mash|p2a: Gliscor\n|-damage|p2a: Gliscor|34/239 tox\n|\n|-heal|p2a: Gliscor|63/239 tox|[from] ability: Poison Heal\n|upkeep\n|turn|18\n|\n|t:|1782823511\n|move|p2a: Gliscor|Protect|p2a: Gliscor\n|-singleturn|p2a: Gliscor|Protect\n|move|p1a: Lucario|Meteor Mash|p2a: Gliscor\n|-activate|p2a: Gliscor|move: Protect\n|\n|-heal|p2a: Gliscor|92/239 tox|[from] ability: Poison Heal\n|upkeep\n|turn|19\n|\n|t:|1782823521\n|move|p1a: Lucario|Meteor Mash|p2a: Gliscor\n|-damage|p2a: Gliscor|0 fnt\n|faint|p2a: Gliscor\n|\n|upkeep\n|\n|t:|1782823539\n|switch|p2a: Hydreigon|Hydreigon, L79, M|275/275\n|turn|20\n|\n|t:|1782823546\n|switch|p1a: Snorlax|Snorlax, L82, M|283/397 slp\n|move|p2a: Hydreigon|Fire Blast|p1a: Snorlax\n|-damage|p1a: Snorlax|226/397 slp\n|\n|-heal|p1a: Snorlax|250/397 slp|[from] item: Leftovers\n|upkeep\n|turn|21\n|\n|t:|1782823558\n|switch|p2a: Dunsparce|Dunsparce, L86, F|312/312\n|cant|p1a: Snorlax|slp\n|move|p1a: Snorlax|Sleep Talk|p1a: Snorlax\n|move|p1a: Snorlax|Rest||[from] move: Sleep Talk|[still]\n|-fail|p1a: Snorlax\n|\n|-heal|p1a: Snorlax|274/397 slp|[from] item: Leftovers\n|upkeep\n|turn|22\n|\n|t:|1782823569\n|switch|p1a: Arceus|Arceus-Water, L71|288/288\n|move|p2a: Dunsparce|Coil|p2a: Dunsparce\n|-boost|p2a: Dunsparce|atk|1\n|-boost|p2a: Dunsparce|def|1\n|-boost|p2a: Dunsparce|accuracy|1\n|\n|upkeep\n|turn|23\n|\n|t:|1782823574\n|move|p1a: Arceus|Will-O-Wisp|p2a: Dunsparce|[miss]\n|-miss|p1a: Arceus|p2a: Dunsparce\n|move|p2a: Dunsparce|Body Slam|p1a: Arceus\n|-damage|p1a: Arceus|177/288\n|-status|p1a: Arceus|par\n|\n|upkeep\n|turn|24\n|\n|t:|1782823587\n|switch|p2a: Suicune|Suicune, L82|298/298\n|-ability|p2a: Suicune|Pressure\n|move|p1a: Arceus|Will-O-Wisp|p2a: Suicune\n|-status|p2a: Suicune|brn\n|\n|-damage|p2a: Suicune|280/298 brn|[from] brn\n|upkeep\n|turn|25\n|\n|t:|1782823593\n|switch|p1a: Electrode|Electrode, L92|260/260\n|move|p2a: Suicune|Substitute|p2a: Suicune\n|-start|p2a: Suicune|Substitute\n|-damage|p2a: Suicune|206/298 brn\n|\n|-heal|p2a: Suicune|224/298 brn|[from] item: Leftovers\n|-damage|p2a: Suicune|206/298 brn|[from] brn\n|upkeep\n|turn|26\n|\n|t:|1782823602\n|move|p1a: Electrode|Thunderbolt|p2a: Suicune\n|-supereffective|p2a: Suicune\n|-end|p2a: Suicune|Substitute\n|-damage|p1a: Electrode|234/260|[from] item: Life Orb\n|move|p2a: Suicune|Scald|p1a: Electrode\n|-damage|p1a: Electrode|165/260\n|\n|-heal|p2a: Suicune|224/298 brn|[from] item: Leftovers\n|-damage|p2a: Suicune|206/298 brn|[from] brn\n|upkeep\n|turn|27\n|\n|t:|1782823615\n|switch|p2a: Hydreigon|Hydreigon, L79, M|275/275\n|move|p1a: Electrode|Volt Switch|p2a: Hydreigon\n|-resisted|p2a: Hydreigon\n|-damage|p2a: Hydreigon|220/275\n|-damage|p1a: Electrode|139/260|[from] item: Life Orb\n|\n|t:|1782823638\n|switch|p1a: Latios|Latios, L78, M|253/253|[from] Volt Switch\n|\n|upkeep\n|turn|28\n|\n|t:|1782823648\n|switch|p2a: Fezandipiti|Fezandipiti, L82, M|278/278\n|move|p1a: Latios|Flip Turn|p2a: Fezandipiti\n|-damage|p2a: Fezandipiti|241/278\n|\n|t:|1782823655\n|switch|p1a: Lucario|Lucario, L84, M|176/255|[from] Flip Turn\n|\n|-heal|p2a: Fezandipiti|258/278|[from] item: Leftovers\n|upkeep\n|turn|29\n|\n|t:|1782823666\n|switch|p2a: Suicune|Suicune, L82|206/298 brn\n|-ability|p2a: Suicune|Pressure\n|move|p1a: Lucario|Close Combat|p2a: Suicune\n|-damage|p2a: Suicune|41/298 brn\n|-unboost|p1a: Lucario|def|1\n|-unboost|p1a: Lucario|spd|1\n|\n|-heal|p2a: Suicune|59/298 brn|[from] item: Leftovers\n|-damage|p2a: Suicune|41/298 brn|[from] brn\n|upkeep\n|turn|30\n|\n|t:|1782823690\n|move|p1a: Lucario|Close Combat|p2a: Suicune\n|-crit|p2a: Suicune\n|-damage|p2a: Suicune|0 fnt\n|-unboost|p1a: Lucario|def|1\n|-unboost|p1a: Lucario|spd|1\n|faint|p2a: Suicune\n|\n|upkeep\n|\n|t:|1782823696\n|switch|p2a: Fezandipiti|Fezandipiti, L82, M|258/278\n|turn|31\n|\n|t:|1782823701\n|switch|p1a: Arceus|Arceus-Water, L71|177/288 par\n|move|p2a: Fezandipiti|Moonblast|p1a: Arceus\n|-damage|p1a: Arceus|102/288 par\n|-unboost|p1a: Arceus|spa|1\n|\n|-heal|p2a: Fezandipiti|275/278|[from] item: Leftovers\n|upkeep\n|turn|32\n|\n|t:|1782823707\n|move|p2a: Fezandipiti|Gunk Shot|p1a: Arceus\n|-damage|p1a: Arceus|0 fnt\n|faint|p1a: Arceus\n|\n|-heal|p2a: Fezandipiti|278/278|[from] item: Leftovers\n|upkeep\n|\n|t:|1782823727\n|switch|p1a: Snorlax|Snorlax, L82, M|274/397 slp\n|turn|33\n|\n|t:|1782823741\n|move|p2a: Fezandipiti|Gunk Shot|p1a: Snorlax\n|-damage|p1a: Snorlax|126/397 slp\n|-curestatus|p1a: Snorlax|slp|[msg]\n|move|p1a: Snorlax|Body Slam|p2a: Fezandipiti\n|-damage|p2a: Fezandipiti|176/278\n|\n|-heal|p2a: Fezandipiti|193/278|[from] item: Leftovers\n|-heal|p1a: Snorlax|150/397|[from] item: Leftovers\n|upkeep\n|turn|34\n|\n|t:|1782823753\n|move|p2a: Fezandipiti|Gunk Shot|p1a: Snorlax\n|-damage|p1a: Snorlax|5/397\n|-status|p1a: Snorlax|psn\n|move|p1a: Snorlax|Body Slam|p2a: Fezandipiti\n|-damage|p2a: Fezandipiti|85/278\n|\n|-heal|p2a: Fezandipiti|102/278|[from] item: Leftovers\n|-heal|p1a: Snorlax|29/397 psn|[from] item: Leftovers\n|-damage|p1a: Snorlax|0 fnt|[from] psn\n|faint|p1a: Snorlax\n|upkeep\n|\n|t:|1782823769\n|switch|p1a: Lucario|Lucario, L84, M|176/255\n|turn|35\n|\n|t:|1782823778\n|move|p2a: Fezandipiti|U-turn|p1a: Lucario\n|-resisted|p1a: Lucario\n|-damage|p1a: Lucario|163/255\n|\n|t:|1782823781\n|switch|p2a: Hydreigon|Hydreigon, L79, M|220/275|[from] U-turn\n|move|p1a: Lucario|Meteor Mash|p2a: Hydreigon\n|-damage|p2a: Hydreigon|67/275\n|\n|upkeep\n|turn|36\n|inactive|possss has 120 seconds left.\n|\n|t:|1782823816\n|move|p2a: Hydreigon|Dark Pulse|p1a: Lucario\n|-resisted|p1a: Lucario\n|-damage|p1a: Lucario|87/255\n|-ability|p1a: Lucario|Justified|boost\n|-boost|p1a: Lucario|atk|1\n|move|p1a: Lucario|Meteor Mash|p2a: Hydreigon\n|-damage|p2a: Hydreigon|0 fnt\n|faint|p2a: Hydreigon\n|\n|upkeep\n|inactive|possss has 120 seconds left.\n|\n|t:|1782823822\n|switch|p2a: Fezandipiti|Fezandipiti, L82, M|102/278\n|turn|37\n|\n|t:|1782823828\n|move|p2a: Fezandipiti|Moonblast|p1a: Lucario\n|-damage|p1a: Lucario|0 fnt\n|faint|p1a: Lucario\n|\n|-heal|p2a: Fezandipiti|119/278|[from] item: Leftovers\n|upkeep\n|\n|t:|1782823832\n|switch|p1a: Latios|Latios, L78, M|253/253\n|turn|38\n|\n|t:|1782823851\n|move|p1a: Latios|Luster Purge|p2a: Fezandipiti\n|-supereffective|p2a: Fezandipiti\n|-damage|p2a: Fezandipiti|0 fnt\n|faint|p2a: Fezandipiti\n|\n|upkeep\n|\n|t:|1782823853\n|switch|p2a: Dunsparce|Dunsparce, L86, F|312/312\n|turn|39\n|\n|t:|1782823860\n|-terastallize|p1a: Latios|Psychic\n|move|p1a: Latios|Luster Purge|p2a: Dunsparce\n|-damage|p2a: Dunsparce|128/312\n|-unboost|p2a: Dunsparce|spd|1\n|move|p2a: Dunsparce|Body Slam|p1a: Latios\n|-damage|p1a: Latios|159/253\n|-status|p1a: Latios|par\n|\n|upkeep\n|turn|40\n|\n|t:|1782823867\n|move|p2a: Dunsparce|Body Slam|p1a: Latios\n|-damage|p1a: Latios|80/253 par\n|cant|p1a: Latios|par\n|\n|upkeep\n|turn|41\n|\n|t:|1782823873\n|move|p2a: Dunsparce|Body Slam|p1a: Latios\n|-damage|p1a: Latios|0 fnt\n|faint|p1a: Latios\n|\n|upkeep\n|\n|t:|1782823881\n|switch|p1a: Electrode|Electrode, L92|139/260\n|turn|42\n|\n|t:|1782823891\n|-terastallize|p2a: Dunsparce|Ground\n|move|p1a: Electrode|Taunt|p2a: Dunsparce\n|-start|p2a: Dunsparce|move: Taunt\n|cant|p2a: Dunsparce|move: Taunt|Roost\n|\n|upkeep\n|turn|43\n|\n|t:|1782823896\n|move|p1a: Electrode|Tera Blast|p2a: Dunsparce\n|-damage|p2a: Dunsparce|28/312\n|-damage|p1a: Electrode|113/260|[from] item: Life Orb\n|move|p2a: Dunsparce|Earthquake|p1a: Electrode\n|-supereffective|p1a: Electrode\n|-damage|p1a: Electrode|0 fnt\n|faint|p1a: Electrode\n|\n|upkeep\n|c|\u2606Specialdie|gg\n|\n|t:|1782823905\n|switch|p1a: Iron Boulder|Iron Boulder, L77|265/265\n|turn|44\n|inactive|possss has 120 seconds left.\n|\n|t:|1782823948\n|move|p1a: Iron Boulder|Close Combat|p2a: Dunsparce\n|-damage|p2a: Dunsparce|0 fnt\n|-unboost|p1a: Iron Boulder|def|1\n|-unboost|p1a: Iron Boulder|spd|1\n|faint|p2a: Dunsparce\n|-damage|p1a: Iron Boulder|239/265|[from] item: Life Orb\n|\n|win|Specialdie\n", "inputlog": ">version f8ac14003a5f27e1bdc8d8c59608a773c1cb96e5\n>start {\"formatid\":\"gen9randombattle\",\"seed\":\"sodium,fe79e9161668b2fa74eb31c100a33d78\",\"rated\":\"Rated battle\"}\n>player p1 {\"name\":\"Specialdie\",\"avatar\":\"acetrainer-gen4dp\",\"rating\":2216,\"seed\":\"sodium,a454cad9aed06049e5be3c0e45303300\"}\n>player p2 {\"name\":\"possss\",\"avatar\":\"grimsley\",\"rating\":2036,\"seed\":\"sodium,a84b384f58f0c6813506d02f4b4604ab\"}\n>p1 move zenheadbutt\n>p2 switch 6\n>p1 switch 4\n>p2 move substitute\n>p1 move curse\n>p2 move toxic\n>p1 move bodyslam\n>p2 move earthquake\n>p1 move rest\n>p2 switch 4\n>p1 move sleeptalk\n>p2 move foulplay\n>p1 move sleeptalk\n>p2 move foulplay\n>p1 move rest\n>p2 move foulplay\n>p1 move sleeptalk\n>p2 move foulplay\n>p1 move sleeptalk\n>p2 move foulplay\n>p1 move rest\n>p2 move foulplay\n>p1 move sleeptalk\n>p2 move foulplay\n>p1 move sleeptalk\n>p2 move foulplay\n>p1 move rest\n>p2 move foulplay\n>p1 move sleeptalk\n>p2 move foulplay\n>p2 switch 2\n>p1 switch 2\n>p2 move darkpulse\n>p1 move meteormash\n>p2 switch 4\n>p1 move meteormash\n>p2 move protect\n>p1 move meteormash\n>p2 move earthquake\n>p2 switch 4\n>p1 switch 2\n>p2 move fireblast\n>p1 move sleeptalk\n>p2 switch 3\n>p1 switch 6\n>p2 move coil\n>p1 move willowisp\n>p2 move bodyslam\n>p1 move willowisp\n>p2 switch 5\n>p1 switch 3\n>p2 move substitute\n>p1 move thunderbolt\n>p2 move scald\n>p1 move voltswitch\n>p2 switch 3\n>p1 switch 5\n>p1 move flipturn\n>p2 switch 6\n>p1 switch 2\n>p1 move closecombat\n>p2 switch 3\n>p1 move closecombat\n>p2 move scald\n>p2 switch 3\n>p1 switch 3\n>p2 move moonblast\n>p1 move recover\n>p2 move gunkshot\n>p1 switch 6\n>p1 move bodyslam\n>p2 move gunkshot\n>p1 move bodyslam\n>p2 move gunkshot\n>p1 switch 3\n>p1 move meteormash\n>p2 move uturn\n>p2 switch 6\n>p1 move meteormash\n>p2 move darkpulse\n>p2 switch 6\n>p1 move meteormash\n>p2 move moonblast\n>p1 switch 2\n>p1 move lusterpurge\n>p2 move moonblast\n>p2 switch 5\n>p1 move lusterpurge terastallize\n>p2 move bodyslam\n>p1 move lusterpurge\n>p2 move bodyslam\n>p1 move lusterpurge\n>p2 move bodyslam\n>p1 switch 5\n>p1 move taunt\n>p2 move roost terastallize\n>p1 move terablast\n>p2 move earthquake\n>chat \u2606Specialdie|gg\n>p1 switch 4\n>p1 move closecombat\n>p2 move bodyslam", "uploadtime": 1782823293, "views": 4, "formatid": "gen9randombattle", "rating": null, "private": 0, "password": null, "player_dets": [{"name": "Specialdie", "avatar": "acetrainer-gen4dp", "rating": 2216, "seed": "sodium,a454cad9aed06049e5be3c0e45303300"}, {"name": "possss", "avatar": "grimsley", "rating": 2036, "seed": "sodium,a84b384f58f0c6813506d02f4b4604ab"}], "teams_full": [{"Iron Boulder": {"name": "Iron Boulder", "species": "Iron Boulder", "speciesId": "ironboulder", "gender": "N", "shiny": false, "level": 77, "moves": ["swordsdance", "zenheadbutt", "mightycleave", "closecombat"], "ability": "Quark Drive", "evs": {"hp": 85, "atk": 85, "def": 85, "spa": 85, "spd": 85, "spe": 85}, "ivs": {"hp": 31, "atk": 31, "def": 31, "spa": 31, "spd": 31, "spe": 31}, "item": "Life Orb", "teraType": "Fighting", "role": "Setup Sweeper", "bvs": {"hp": 90, "atk": 120, "def": 80, "spa": 68, "spd": 108, "spe": 124}, "stats": {"hp": 265, "atk": 229, "def": 168, "spa": 149, "spd": 211, "spe": 236}, "types": ["Rock", "Psychic"]}, "Lucario": {"name": "Lucario", "species": "Lucario", "speciesId": "lucario", "gender": "M", "shiny": false, "level": 84, "moves": ["stoneedge", "extremespeed", "meteormash", "closecombat"], "ability": "Justified", "evs": {"hp": 85, "atk": 85, "def": 85, "spa": 85, "spd": 85, "spe": 85}, "ivs": {"hp": 31, "atk": 31, "def": 31, "spa": 31, "spd": 31, "spe": 31}, "item": "Choice Band", "teraType": "Normal", "role": "Fast Attacker", "bvs": {"hp": 70, "atk": 110, "def": 70, "spa": 115, "spd": 70, "spe": 90}, "stats": {"hp": 255, "atk": 233, "def": 166, "spa": 241, "spd": 166, "spe": 199}, "types": ["Fighting", "Steel"]}, "Electrode": {"name": "Electrode", "species": "Electrode", "speciesId": "electrode", "gender": "N", "shiny": false, "level": 92, "moves": ["taunt", "thunderbolt", "voltswitch", "terablast"], "ability": "Soundproof", "evs": {"hp": 85, "atk": 0, "def": 85, "spa": 85, "spd": 85, "spe": 85}, "ivs": {"hp": 31, "atk": 0, "def": 31, "spa": 31, "spd": 31, "spe": 31}, "item": "Life Orb", "teraType": "Ice", "role": "Tera Blast user", "bvs": {"hp": 60, "atk": 50, "def": 70, "spa": 80, "spd": 80, "spe": 150}, "stats": {"hp": 260, "atk": 97, "def": 181, "spa": 200, "spd": 200, "spe": 328}, "types": ["Electric"]}, "Snorlax": {"name": "Snorlax", "species": "Snorlax", "speciesId": "snorlax", "gender": "M", "shiny": false, "level": 82, "moves": ["rest", "sleeptalk", "curse", "bodyslam"], "ability": "Thick Fat", "evs": {"hp": 85, "atk": 85, "def": 85, "spa": 85, "spd": 85, "spe": 85}, "ivs": {"hp": 31, "atk": 31, "def": 31, "spa": 31, "spd": 31, "spe": 31}, "item": "Leftovers", "teraType": "Poison", "role": "Bulky Attacker", "bvs": {"hp": 160, "atk": 110, "def": 65, "spa": 65, "spd": 110, "spe": 30}, "stats": {"hp": 397, "atk": 228, "def": 154, "spa": 154, "spd": 228, "spe": 96}, "types": ["Normal"]}, "Latios": {"name": "Latios", "species": "Latios", "speciesId": "latios", "gender": "M", "shiny": false, "level": 78, "moves": ["flipturn", "lusterpurge", "dracometeor", "aurasphere"], "ability": "Levitate", "evs": {"hp": 85, "atk": 85, "def": 85, "spa": 85, "spd": 85, "spe": 85}, "ivs": {"hp": 31, "atk": 31, "def": 31, "spa": 31, "spd": 31, "spe": 31}, "item": "Choice Specs", "teraType": "Psychic", "role": "Fast Attacker", "bvs": {"hp": 80, "atk": 90, "def": 80, "spa": 130, "spd": 110, "spe": 110}, "stats": {"hp": 253, "atk": 185, "def": 170, "spa": 248, "spd": 217, "spe": 217}, "types": ["Dragon", "Psychic"]}, "Arceus": {"name": "Arceus", "species": "Arceus-Water", "speciesId": "arceuswater", "gender": "N", "shiny": false, "level": 71, "moves": ["willowisp", "recover", "judgment", "icebeam"], "ability": "Multitype", "evs": {"hp": 85, "atk": 0, "def": 85, "spa": 85, "spd": 85, "spe": 85}, "ivs": {"hp": 31, "atk": 0, "def": 31, "spa": 31, "spd": 31, "spe": 31}, "item": "Splash Plate", "teraType": "Steel", "role": "Bulky Support", "bvs": {"hp": 120, "atk": 120, "def": 120, "spa": 120, "spd": 120, "spe": 120}, "stats": {"hp": 288, "atk": 175, "def": 212, "spa": 212, "spd": 212, "spe": 212}, "types": ["Water"]}}, {"Fezandipiti": {"name": "Fezandipiti", "species": "Fezandipiti", "speciesId": "fezandipiti", "gender": "M", "shiny": false, "level": 82, "moves": ["roost", "uturn", "moonblast", "gunkshot"], "ability": "Toxic Chain", "evs": {"hp": 85, "atk": 85, "def": 85, "spa": 85, "spd": 85, "spe": 85}, "ivs": {"hp": 31, "atk": 31, "def": 31, "spa": 31, "spd": 31, "spe": 31}, "item": "Leftovers", "teraType": "Water", "role": "Bulky Attacker", "bvs": {"hp": 88, "atk": 91, "def": 82, "spa": 70, "spd": 125, "spe": 99}, "stats": {"hp": 278, "atk": 196, "def": 182, "spa": 162, "spd": 252, "spe": 210}, "types": ["Poison", "Fairy"]}, "Hydreigon": {"name": "Hydreigon", "species": "Hydreigon", "speciesId": "hydreigon", "gender": "M", "shiny": false, "level": 79, "moves": ["fireblast", "dracometeor", "uturn", "darkpulse"], "ability": "Levitate", "evs": {"hp": 85, "atk": 85, "def": 85, "spa": 85, "spd": 85, "spe": 85}, "ivs": {"hp": 31, "atk": 31, "def": 31, "spa": 31, "spd": 31, "spe": 31}, "item": "Choice Specs", "teraType": "Dragon", "role": "Fast Attacker", "bvs": {"hp": 92, "atk": 105, "def": 90, "spa": 125, "spd": 90, "spe": 98}, "stats": {"hp": 275, "atk": 211, "def": 188, "spa": 243, "spd": 188, "spe": 200}, "types": ["Dark", "Dragon"]}, "Dunsparce": {"name": "Dunsparce", "species": "Dunsparce", "speciesId": "dunsparce", "gender": "F", "shiny": false, "level": 86, "moves": ["bodyslam", "coil", "earthquake", "roost"], "ability": "Serene Grace", "evs": {"hp": 85, "atk": 85, "def": 85, "spa": 85, "spd": 85, "spe": 85}, "ivs": {"hp": 31, "atk": 31, "def": 31, "spa": 31, "spd": 31, "spe": 31}, "item": "Eviolite", "teraType": "Ground", "role": "Bulky Setup", "bvs": {"hp": 100, "atk": 70, "def": 70, "spa": 65, "spd": 65, "spe": 45}, "stats": {"hp": 312, "atk": 170, "def": 170, "spa": 161, "spd": 161, "spe": 127}, "types": ["Normal"]}, "Umbreon": {"name": "Umbreon", "species": "Umbreon", "speciesId": "umbreon", "gender": "M", "shiny": false, "level": 84, "moves": ["wish", "toxic", "protect", "foulplay"], "ability": "Synchronize", "evs": {"hp": 85, "atk": 0, "def": 85, "spa": 85, "spd": 85, "spe": 85}, "ivs": {"hp": 31, "atk": 0, "def": 31, "spa": 31, "spd": 31, "spe": 31}, "item": "Leftovers", "teraType": "Poison", "role": "Bulky Support", "bvs": {"hp": 95, "atk": 65, "def": 110, "spa": 60, "spd": 130, "spe": 65}, "stats": {"hp": 297, "atk": 114, "def": 233, "spa": 149, "spd": 267, "spe": 157}, "types": ["Dark"]}, "Suicune": {"name": "Suicune", "species": "Suicune", "speciesId": "suicune", "gender": "N", "shiny": false, "level": 82, "moves": ["icebeam", "calmmind", "scald", "substitute"], "ability": "Pressure", "evs": {"hp": 85, "atk": 0, "def": 85, "spa": 85, "spd": 85, "spe": 85}, "ivs": {"hp": 31, "atk": 0, "def": 31, "spa": 31, "spd": 31, "spe": 31}, "item": "Leftovers", "teraType": "Dragon", "role": "Bulky Setup", "bvs": {"hp": 100, "atk": 75, "def": 115, "spa": 90, "spd": 115, "spe": 85}, "stats": {"hp": 298, "atk": 127, "def": 236, "spa": 195, "spd": 236, "spe": 187}, "types": ["Water"]}, "Gliscor": {"name": "Gliscor", "species": "Gliscor", "speciesId": "gliscor", "gender": "F", "shiny": false, "level": 76, "moves": ["earthquake", "protect", "toxic", "substitute"], "ability": "Poison Heal", "evs": {"hp": 85, "atk": 85, "def": 85, "spa": 85, "spd": 85, "spe": 85}, "ivs": {"hp": 31, "atk": 31, "def": 31, "spa": 31, "spd": 31, "spe": 31}, "item": "Toxic Orb", "teraType": "Water", "role": "Fast Support", "bvs": {"hp": 75, "atk": 95, "def": 125, "spa": 45, "spd": 75, "spe": 95}, "stats": {"hp": 239, "atk": 188, "def": 234, "spa": 112, "spd": 158, "spe": 188}, "types": ["Ground", "Flying"]}}]}