{"id": "gen9randombattle-2641092450", "format": "[Gen 9] Random Battle", "players": ["Xerneas2", "matsya nyaya"], "log": "|j|\u2606Xerneas2\n|j|\u2606matsya nyaya\n|t:|1782739322\n|gametype|singles\n|player|p1|Xerneas2|lyra|1986\n|player|p2|matsya nyaya|2|2092\n|gen|9\n|tier|[Gen 9] Random Battle\n|rated|\n|rule|Species Clause: Limit one of each Pok\u00e9mon\n|rule|HP Percentage Mod: HP is shown in percentages\n|rule|Sleep Clause Mod: Limit one foe put to sleep\n|rule|Illusion Level Mod: Illusion disguises the Pok\u00e9mon's true level\n|\n|t:|1782739322\n|teamsize|p1|6\n|teamsize|p2|6\n|start\n|switch|p1a: Cramorant|Cramorant, L86, F|261/261\n|switch|p2a: Darkrai|Darkrai, L77|234/234\n|turn|1\n|\n|t:|1782739341\n|switch|p2a: Electrode|Electrode-Hisui, L87|246/246\n|move|p1a: Cramorant|Surf|p2a: Electrode\n|-formechange|p1a: Cramorant|Cramorant-Gulping|\n|-resisted|p2a: Electrode\n|-damage|p2a: Electrode|198/246\n|\n|-heal|p2a: Electrode|213/246|[from] item: Leftovers\n|upkeep\n|turn|2\n|inactive|Battle timer is ON: inactive players will automatically lose when time's up. (requested by matsya nyaya)\n|\n|t:|1782739356\n|-terastallize|p1a: Cramorant|Ground\n|move|p2a: Electrode|Substitute|p2a: Electrode\n|-start|p2a: Electrode|Substitute\n|-damage|p2a: Electrode|152/246\n|move|p1a: Cramorant|Brave Bird|p2a: Electrode\n|-end|p2a: Electrode|Substitute\n|-damage|p1a: Cramorant|241/261|[from] Recoil|[of] p2a: Electrode\n|\n|-heal|p2a: Electrode|167/246|[from] item: Leftovers\n|upkeep\n|turn|3\n|\n|t:|1782739370\n|switch|p1a: Glaceon|Glaceon, L94, F|275/275\n|move|p2a: Electrode|Substitute|p2a: Electrode\n|-start|p2a: Electrode|Substitute\n|-damage|p2a: Electrode|106/246\n|\n|-heal|p2a: Electrode|121/246|[from] item: Leftovers\n|upkeep\n|turn|4\n|\n|t:|1782739376\n|move|p2a: Electrode|Leech Seed|p1a: Glaceon\n|-start|p1a: Glaceon|move: Leech Seed\n|move|p1a: Glaceon|Freeze-Dry|p2a: Electrode\n|-supereffective|p2a: Electrode\n|-end|p2a: Electrode|Substitute\n|\n|-heal|p2a: Electrode|136/246|[from] item: Leftovers\n|-damage|p1a: Glaceon|241/275|[from] Leech Seed|[of] p2a: Electrode\n|-heal|p2a: Electrode|170/246|[silent]\n|upkeep\n|turn|5\n|\n|t:|1782739382\n|switch|p2a: Komala|Komala, L88, M|258/258\n|-ability|p2a: Komala|Comatose\n|move|p1a: Glaceon|Freeze-Dry|p2a: Komala\n|-damage|p2a: Komala|192/258\n|\n|-damage|p1a: Glaceon|207/275|[from] Leech Seed|[of] p2a: Komala\n|-heal|p2a: Komala|226/258|[silent]\n|upkeep\n|turn|6\n|\n|t:|1782739399\n|switch|p1a: Poliwrath|Poliwrath, L88, F|302/302\n|move|p2a: Komala|Body Slam|p1a: Poliwrath\n|-damage|p1a: Poliwrath|203/302\n|\n|-heal|p1a: Poliwrath|221/302|[from] item: Leftovers\n|upkeep\n|turn|7\n|\n|t:|1782739408\n|switch|p2a: Grimmsnarl|Grimmsnarl, L83, M|293/293\n|move|p1a: Poliwrath|Drain Punch|p2a: Grimmsnarl\n|-damage|p2a: Grimmsnarl|188/293\n|-heal|p1a: Poliwrath|274/302|[from] drain|[of] p2a: Grimmsnarl\n|\n|-heal|p1a: Poliwrath|292/302|[from] item: Leftovers\n|upkeep\n|turn|8\n|\n|t:|1782739419\n|switch|p1a: Cramorant|Cramorant, L86, F, tera:Ground|241/261\n|move|p2a: Grimmsnarl|Reflect|p2a: Grimmsnarl\n|-sidestart|p2: matsya nyaya|Reflect\n|\n|upkeep\n|turn|9\n|\n|t:|1782739432\n|move|p2a: Grimmsnarl|Parting Shot|p1a: Cramorant\n|-unboost|p1a: Cramorant|atk|1\n|-unboost|p1a: Cramorant|spa|1\n|\n|t:|1782739433\n|switch|p2a: Electrode|Electrode-Hisui, L87|170/246|[from] Parting Shot\n|move|p1a: Cramorant|Surf|p2a: Electrode\n|-formechange|p1a: Cramorant|Cramorant-Gulping|\n|-resisted|p2a: Electrode\n|-damage|p2a: Electrode|141/246\n|\n|-heal|p2a: Electrode|156/246|[from] item: Leftovers\n|upkeep\n|turn|10\n|\n|t:|1782739456\n|switch|p1a: Glaceon|Glaceon, L94, F|207/275\n|move|p2a: Electrode|Substitute|p2a: Electrode\n|-start|p2a: Electrode|Substitute\n|-damage|p2a: Electrode|95/246\n|\n|-heal|p2a: Electrode|110/246|[from] item: Leftovers\n|upkeep\n|turn|11\n|inactive|matsya nyaya has 120 seconds left.\n|\n|t:|1782739493\n|move|p2a: Electrode|Leech Seed|p1a: Glaceon\n|-start|p1a: Glaceon|move: Leech Seed\n|move|p1a: Glaceon|Freeze-Dry|p2a: Electrode\n|-supereffective|p2a: Electrode\n|-end|p2a: Electrode|Substitute\n|\n|-heal|p2a: Electrode|125/246|[from] item: Leftovers\n|-damage|p1a: Glaceon|173/275|[from] Leech Seed|[of] p2a: Electrode\n|-heal|p2a: Electrode|159/246|[silent]\n|upkeep\n|turn|12\n|\n|t:|1782739500\n|move|p2a: Electrode|Substitute|p2a: Electrode\n|-start|p2a: Electrode|Substitute\n|-damage|p2a: Electrode|98/246\n|move|p1a: Glaceon|Freeze-Dry|p2a: Electrode\n|-supereffective|p2a: Electrode\n|-end|p2a: Electrode|Substitute\n|\n|-heal|p2a: Electrode|113/246|[from] item: Leftovers\n|-damage|p1a: Glaceon|139/275|[from] Leech Seed|[of] p2a: Electrode\n|-heal|p2a: Electrode|147/246|[silent]\n|upkeep\n|turn|13\n|\n|t:|1782739513\n|move|p2a: Electrode|Substitute|p2a: Electrode\n|-start|p2a: Electrode|Substitute\n|-damage|p2a: Electrode|86/246\n|move|p1a: Glaceon|Wish|p1a: Glaceon\n|\n|-heal|p2a: Electrode|101/246|[from] item: Leftovers\n|-damage|p1a: Glaceon|105/275|[from] Leech Seed|[of] p2a: Electrode\n|-heal|p2a: Electrode|135/246|[silent]\n|upkeep\n|turn|14\n|\n|t:|1782739518\n|move|p2a: Electrode|Thunderbolt|p1a: Glaceon\n|-damage|p1a: Glaceon|33/275\n|-status|p1a: Glaceon|par\n|move|p1a: Glaceon|Freeze-Dry|p2a: Electrode\n|-supereffective|p2a: Electrode\n|-end|p2a: Electrode|Substitute\n|\n|-heal|p1a: Glaceon|170/275 par|[from] move: Wish|[wisher] Glaceon\n|-heal|p2a: Electrode|150/246|[from] item: Leftovers\n|-damage|p1a: Glaceon|136/275 par|[from] Leech Seed|[of] p2a: Electrode\n|-heal|p2a: Electrode|184/246|[silent]\n|upkeep\n|turn|15\n|\n|t:|1782739542\n|move|p2a: Electrode|Substitute|p2a: Electrode\n|-start|p2a: Electrode|Substitute\n|-damage|p2a: Electrode|123/246\n|move|p1a: Glaceon|Wish|p1a: Glaceon\n|\n|-heal|p2a: Electrode|138/246|[from] item: Leftovers\n|-damage|p1a: Glaceon|102/275 par|[from] Leech Seed|[of] p2a: Electrode\n|-heal|p2a: Electrode|172/246|[silent]\n|-sideend|p2: matsya nyaya|Reflect\n|upkeep\n|turn|16\n|\n|t:|1782739548\n|move|p2a: Electrode|Giga Drain|p1a: Glaceon\n|-damage|p1a: Glaceon|38/275 par\n|-heal|p2a: Electrode|204/246|[from] drain|[of] p1a: Glaceon\n|move|p1a: Glaceon|Freeze-Dry|p2a: Electrode\n|-supereffective|p2a: Electrode\n|-end|p2a: Electrode|Substitute\n|\n|-heal|p1a: Glaceon|175/275 par|[from] move: Wish|[wisher] Glaceon\n|-heal|p2a: Electrode|219/246|[from] item: Leftovers\n|-damage|p1a: Glaceon|141/275 par|[from] Leech Seed|[of] p2a: Electrode\n|-heal|p2a: Electrode|246/246|[silent]\n|upkeep\n|turn|17\n|\n|t:|1782739555\n|move|p2a: Electrode|Substitute|p2a: Electrode\n|-start|p2a: Electrode|Substitute\n|-damage|p2a: Electrode|185/246\n|move|p1a: Glaceon|Wish|p1a: Glaceon\n|\n|-heal|p2a: Electrode|200/246|[from] item: Leftovers\n|-damage|p1a: Glaceon|107/275 par|[from] Leech Seed|[of] p2a: Electrode\n|-heal|p2a: Electrode|234/246|[silent]\n|upkeep\n|turn|18\n|\n|t:|1782739570\n|move|p1a: Glaceon|Protect|p1a: Glaceon\n|-singleturn|p1a: Glaceon|Protect\n|move|p2a: Electrode|Thunderbolt|p1a: Glaceon\n|-activate|p1a: Glaceon|move: Protect\n|\n|-heal|p1a: Glaceon|244/275 par|[from] move: Wish|[wisher] Glaceon\n|-heal|p2a: Electrode|246/246|[from] item: Leftovers\n|-damage|p1a: Glaceon|210/275 par|[from] Leech Seed|[of] p2a: Electrode\n|upkeep\n|turn|19\n|\n|t:|1782739575\n|move|p2a: Electrode|Thunderbolt|p1a: Glaceon\n|-damage|p1a: Glaceon|129/275 par\n|move|p1a: Glaceon|Wish|p1a: Glaceon\n|\n|-damage|p1a: Glaceon|95/275 par|[from] Leech Seed|[of] p2a: Electrode\n|upkeep\n|turn|20\n|\n|t:|1782739592\n|move|p2a: Electrode|Thunderbolt|p1a: Glaceon\n|-damage|p1a: Glaceon|28/275 par\n|move|p1a: Glaceon|Freeze-Dry|p2a: Electrode\n|-supereffective|p2a: Electrode\n|-end|p2a: Electrode|Substitute\n|\n|-heal|p1a: Glaceon|165/275 par|[from] move: Wish|[wisher] Glaceon\n|-damage|p1a: Glaceon|131/275 par|[from] Leech Seed|[of] p2a: Electrode\n|upkeep\n|turn|21\n|inactive|Xerneas2 has 120 seconds left.\n|\n|t:|1782739625\n|move|p2a: Electrode|Substitute|p2a: Electrode\n|-start|p2a: Electrode|Substitute\n|-damage|p2a: Electrode|185/246\n|cant|p1a: Glaceon|par\n|\n|-heal|p2a: Electrode|200/246|[from] item: Leftovers\n|-damage|p1a: Glaceon|97/275 par|[from] Leech Seed|[of] p2a: Electrode\n|-heal|p2a: Electrode|234/246|[silent]\n|upkeep\n|turn|22\n|inactive|Xerneas2 has 120 seconds left.\n|\n|t:|1782739631\n|move|p2a: Electrode|Thunderbolt|p1a: Glaceon\n|-damage|p1a: Glaceon|28/275 par\n|move|p1a: Glaceon|Wish|p1a: Glaceon\n|\n|-heal|p2a: Electrode|246/246|[from] item: Leftovers\n|-damage|p1a: Glaceon|0 fnt|[from] Leech Seed|[of] p2a: Electrode\n|faint|p1a: Glaceon\n|upkeep\n|inactive|Xerneas2 has 120 seconds left.\n|inactive|Xerneas2 has 90 seconds left.\n|\n|t:|1782739680\n|switch|p1a: Cramorant|Cramorant, L86, F, tera:Ground|241/261\n|turn|23\n|\n|t:|1782739685\n|move|p2a: Electrode|Giga Drain|p1a: Cramorant\n|-supereffective|p1a: Cramorant\n|-damage|p1a: Cramorant|107/261\n|move|p1a: Cramorant|Brave Bird|p2a: Electrode\n|-end|p2a: Electrode|Substitute\n|-damage|p1a: Cramorant|87/261|[from] Recoil|[of] p2a: Electrode\n|\n|-heal|p1a: Cramorant|224/261|[from] move: Wish|[wisher] Glaceon\n|upkeep\n|turn|24\n|inactive|Xerneas2 has 90 seconds left.\n|\n|t:|1782739701\n|switch|p1a: Grafaiai|Grafaiai, L86, M|249/249\n|move|p2a: Electrode|Giga Drain|p1a: Grafaiai\n|-resisted|p1a: Grafaiai\n|-damage|p1a: Grafaiai|211/249\n|\n|upkeep\n|turn|25\n|inactive|Xerneas2 has 90 seconds left.\n|\n|t:|1782739722\n|switch|p2a: Komala|Komala, L88, M|226/258\n|-ability|p2a: Komala|Comatose\n|move|p1a: Grafaiai|Gunk Shot|p2a: Komala\n|-damage|p2a: Komala|10/258\n|-damage|p1a: Grafaiai|187/249|[from] item: Life Orb\n|\n|upkeep\n|turn|26\n|\n|t:|1782739731\n|move|p1a: Grafaiai|Knock Off|p2a: Komala\n|-damage|p2a: Komala|0 fnt\n|-enditem|p2a: Komala|Assault Vest|[from] move: Knock Off|[of] p1a: Grafaiai\n|faint|p2a: Komala\n|-damage|p1a: Grafaiai|163/249|[from] item: Life Orb\n|\n|upkeep\n|\n|t:|1782739752\n|switch|p2a: Darkrai|Darkrai, L77|234/234\n|turn|27\n|\n|t:|1782739769\n|switch|p1a: Poliwrath|Poliwrath, L88, F|292/302\n|move|p2a: Darkrai|Dark Pulse|p1a: Poliwrath\n|-resisted|p1a: Poliwrath\n|-damage|p1a: Poliwrath|235/302\n|-damage|p2a: Darkrai|211/234|[from] item: Life Orb\n|\n|-heal|p1a: Poliwrath|253/302|[from] item: Leftovers\n|upkeep\n|turn|28\n|\n|t:|1782739791\n|switch|p2a: Veluza|Veluza, L85, F|292/292\n|move|p1a: Poliwrath|Drain Punch|p2a: Veluza\n|-resisted|p2a: Veluza\n|-damage|p2a: Veluza|242/292\n|-heal|p1a: Poliwrath|278/302|[from] drain|[of] p2a: Veluza\n|\n|-heal|p1a: Poliwrath|296/302|[from] item: Leftovers\n|upkeep\n|turn|29\n|inactive|Xerneas2 has 90 seconds left.\n|\n|t:|1782739823\n|switch|p1a: Houndstone|Houndstone, L86, F|264/264\n|move|p2a: Veluza|Psycho Cut|p1a: Houndstone\n|-damage|p1a: Houndstone|150/264\n|\n|upkeep\n|turn|30\n|inactive|Xerneas2 has 90 seconds left.\n|\n|t:|1782739844\n|switch|p2a: Grimmsnarl|Grimmsnarl, L83, M|188/293\n|move|p1a: Houndstone|Play Rough|p2a: Grimmsnarl\n|-supereffective|p2a: Grimmsnarl\n|-damage|p2a: Grimmsnarl|0 fnt\n|faint|p2a: Grimmsnarl\n|\n|upkeep\n|\n|t:|1782739859\n|switch|p2a: Veluza|Veluza, L85, F|242/292\n|turn|31\n|\n|t:|1782739875\n|move|p2a: Veluza|Fillet Away|p2a: Veluza\n|-boost|p2a: Veluza|atk|2\n|-boost|p2a: Veluza|spa|2\n|-boost|p2a: Veluza|spe|2\n|-damage|p2a: Veluza|96/292\n|-enditem|p2a: Veluza|Sitrus Berry|[eat]\n|-heal|p2a: Veluza|169/292|[from] item: Sitrus Berry\n|move|p1a: Houndstone|Play Rough|p2a: Veluza|[miss]\n|-miss|p1a: Houndstone|p2a: Veluza\n|\n|upkeep\n|turn|32\n|c|\u2606Xerneas2|well\n|c|\u2606Xerneas2|fck this\n|\n|t:|1782739900\n|switch|p1a: Poliwrath|Poliwrath, L88, F|296/302\n|move|p2a: Veluza|Psycho Cut|p1a: Poliwrath\n|-supereffective|p1a: Poliwrath\n|-damage|p1a: Poliwrath|0 fnt\n|faint|p1a: Poliwrath\n|\n|upkeep\n|inactive|Xerneas2 has 60 seconds left.\n|\n|t:|1782739912\n|switch|p1a: Houndstone|Houndstone, L86, F|150/264\n|turn|33\n|\n|t:|1782739920\n|-terastallize|p2a: Veluza|Dark\n|move|p1a: Houndstone|Shadow Sneak|p2a: Veluza\n|-resisted|p2a: Veluza\n|-damage|p2a: Veluza|127/292\n|move|p2a: Veluza|Psycho Cut|p1a: Houndstone\n|-damage|p1a: Houndstone|0 fnt\n|faint|p1a: Houndstone\n|\n|upkeep\n|\n|t:|1782739926\n|switch|p1a: Wigglytuff|Wigglytuff, L96, F|424/424\n|turn|34\n|\n|t:|1782739939\n|move|p2a: Veluza|Psycho Cut|p1a: Wigglytuff\n|-damage|p1a: Wigglytuff|112/424\n|move|p1a: Wigglytuff|Dazzling Gleam|p2a: Veluza\n|-supereffective|p2a: Veluza\n|-damage|p2a: Veluza|0 fnt\n|faint|p2a: Veluza\n|\n|-heal|p1a: Wigglytuff|138/424|[from] item: Leftovers\n|upkeep\n|\n|t:|1782739946\n|switch|p2a: Darkrai|Darkrai, L77|211/234\n|turn|35\n|inactive|Xerneas2 has 90 seconds left.\n|\n|t:|1782739965\n|switch|p1a: Cramorant|Cramorant, L86, F, tera:Ground|224/261\n|move|p2a: Darkrai|Sludge Bomb|p1a: Cramorant\n|-resisted|p1a: Cramorant\n|-damage|p1a: Cramorant|185/261\n|-damage|p2a: Darkrai|188/234|[from] item: Life Orb\n|\n|upkeep\n|turn|36\n|\n|t:|1782739981\n|move|p2a: Darkrai|Hypnosis|p1a: Cramorant\n|-status|p1a: Cramorant|slp|[from] move: Hypnosis\n|cant|p1a: Cramorant|slp\n|\n|-damage|p1a: Cramorant|153/261 slp|[from] ability: Bad Dreams|[of] p2a: Darkrai\n|upkeep\n|turn|37\n|\n|t:|1782739991\n|switch|p2a: Electrode|Electrode-Hisui, L87|246/246\n|-curestatus|p1a: Cramorant|slp|[msg]\n|move|p1a: Cramorant|Roost|p1a: Cramorant\n|-heal|p1a: Cramorant|261/261\n|\n|upkeep\n|turn|38\n|\n|t:|1782740006\n|move|p2a: Electrode|Substitute|p2a: Electrode\n|-start|p2a: Electrode|Substitute\n|-damage|p2a: Electrode|185/246\n|move|p1a: Cramorant|Brave Bird|p2a: Electrode\n|-end|p2a: Electrode|Substitute\n|-damage|p1a: Cramorant|241/261|[from] Recoil|[of] p2a: Electrode\n|\n|-heal|p2a: Electrode|200/246|[from] item: Leftovers\n|upkeep\n|turn|39\n|\n|t:|1782740017\n|switch|p1a: Grafaiai|Grafaiai, L86, M|163/249\n|move|p2a: Electrode|Substitute|p2a: Electrode\n|-start|p2a: Electrode|Substitute\n|-damage|p2a: Electrode|139/246\n|\n|-heal|p2a: Electrode|154/246|[from] item: Leftovers\n|upkeep\n|turn|40\n|\n|t:|1782740035\n|move|p2a: Electrode|Thunderbolt|p1a: Grafaiai\n|-damage|p1a: Grafaiai|63/249\n|move|p1a: Grafaiai|Knock Off|p2a: Electrode\n|-end|p2a: Electrode|Substitute\n|-damage|p1a: Grafaiai|39/249|[from] item: Life Orb\n|\n|-heal|p2a: Electrode|169/246|[from] item: Leftovers\n|upkeep\n|turn|41\n|\n|t:|1782740044\n|switch|p1a: Wigglytuff|Wigglytuff, L96, F|138/424\n|move|p2a: Electrode|Thunderbolt|p1a: Wigglytuff\n|-damage|p1a: Wigglytuff|29/424\n|\n|-heal|p2a: Electrode|184/246|[from] item: Leftovers\n|-heal|p1a: Wigglytuff|55/424|[from] item: Leftovers\n|upkeep\n|turn|42\n|\n|t:|1782740048\n|move|p2a: Electrode|Thunderbolt|p1a: Wigglytuff\n|-damage|p1a: Wigglytuff|0 fnt\n|faint|p1a: Wigglytuff\n|\n|-heal|p2a: Electrode|199/246|[from] item: Leftovers\n|upkeep\n|\n|t:|1782740051\n|switch|p1a: Cramorant|Cramorant, L86, F, tera:Ground|241/261\n|turn|43\n|\n|t:|1782740060\n|move|p2a: Electrode|Leech Seed|p1a: Cramorant\n|-start|p1a: Cramorant|move: Leech Seed\n|move|p1a: Cramorant|Brave Bird|p2a: Electrode\n|-damage|p2a: Electrode|51/246\n|-damage|p1a: Cramorant|192/261|[from] Recoil\n|\n|-heal|p2a: Electrode|66/246|[from] item: Leftovers\n|-damage|p1a: Cramorant|160/261|[from] Leech Seed|[of] p2a: Electrode\n|-heal|p2a: Electrode|98/246|[silent]\n|upkeep\n|turn|44\n|inactive|Xerneas2 has 90 seconds left.\n|\n|t:|1782740075\n|move|p2a: Electrode|Substitute|p2a: Electrode\n|-start|p2a: Electrode|Substitute\n|-damage|p2a: Electrode|37/246\n|move|p1a: Cramorant|Surf|p2a: Electrode\n|-formechange|p1a: Cramorant|Cramorant-Gulping|\n|-resisted|p2a: Electrode\n|-activate|p2a: Electrode|move: Substitute|[damage]\n|\n|-heal|p2a: Electrode|52/246|[from] item: Leftovers\n|-damage|p1a: Cramorant|128/261|[from] Leech Seed|[of] p2a: Electrode\n|-heal|p2a: Electrode|84/246|[silent]\n|upkeep\n|turn|45\n|\n|t:|1782740083\n|move|p2a: Electrode|Giga Drain|p1a: Cramorant\n|-supereffective|p1a: Cramorant\n|-damage|p1a: Cramorant|0 fnt\n|-heal|p2a: Electrode|148/246|[from] drain|[of] p1a: Cramorant\n|-damage|p2a: Electrode|87/246|[from] ability: Gulp Missile|[of] p1a: Cramorant\n|-unboost|p2a: Electrode|def|1\n|-formechange|p1a: Cramorant|Cramorant|\n|faint|p1a: Cramorant\n|\n|-heal|p2a: Electrode|102/246|[from] item: Leftovers\n|upkeep\n|-message|Xerneas2 forfeited.\n|\n|win|matsya nyaya\n", "inputlog": ">version f8ac14003a5f27e1bdc8d8c59608a773c1cb96e5\n>start {\"formatid\":\"gen9randombattle\",\"seed\":\"sodium,0e7ec5791d167f8d16e870fc3dfe438d\",\"rated\":\"Rated battle\"}\n>player p1 {\"name\":\"Xerneas2\",\"avatar\":\"lyra\",\"rating\":1986,\"seed\":\"sodium,4ef8e01200419e5e8030ee6a6b3b1153\"}\n>player p2 {\"name\":\"matsya nyaya\",\"avatar\":\"2\",\"rating\":2092,\"seed\":\"sodium,860601b477beaa23cc1cd755faac04ea\"}\n>p1 move surf\n>p2 switch 5\n>p1 move bravebird terastallize\n>p2 move substitute\n>p1 switch 4\n>p2 move substitute\n>p1 move freezedry\n>p2 move leechseed\n>p1 move freezedry\n>p2 switch 4\n>p1 switch 5\n>p2 move bodyslam\n>p1 move drainpunch\n>p2 switch 6\n>p1 switch 4\n>p2 move reflect\n>p1 move surf\n>p2 move partingshot\n>p2 switch 4\n>p1 switch 5\n>p2 move substitute\n>p1 move freezedry\n>p2 move leechseed\n>p1 move freezedry\n>p2 move substitute\n>p1 move wish\n>p2 move substitute\n>p1 move freezedry\n>p2 move thunderbolt\n>p1 move wish\n>p2 move substitute\n>p1 move freezedry\n>p2 move gigadrain\n>p1 move wish\n>p2 move substitute\n>p1 move protect\n>p2 move thunderbolt\n>p1 move wish\n>p2 move thunderbolt\n>p1 move freezedry\n>p2 move thunderbolt\n>p1 move wish\n>p2 move substitute\n>p1 move wish\n>p2 move thunderbolt\n>p1 switch 5\n>p1 move bravebird\n>p2 move gigadrain\n>p1 switch 2\n>p2 move gigadrain\n>p1 move gunkshot\n>p2 switch 6\n>p1 move knockoff\n>p2 move bodyslam\n>p2 switch 5\n>p1 switch 4\n>p2 move darkpulse\n>p1 move drainpunch\n>p2 switch 2\n>p1 switch 6\n>p2 move psychocut\n>p1 move playrough\n>p2 switch 4\n>p2 switch 4\n>p1 move playrough\n>p2 move filletaway\n>chat \u2606Xerneas2|well\n>chat \u2606Xerneas2|fck this\n>p1 switch 6\n>p2 move psychocut\n>p1 switch 6\n>p1 move shadowsneak\n>p2 move psychocut terastallize\n>p1 switch 3\n>p1 move dazzlinggleam\n>p2 move psychocut\n>p2 switch 2\n>p1 switch 2\n>p2 move sludgebomb\n>p1 move surf\n>p2 move hypnosis\n>p1 move roost\n>p2 switch 6\n>p1 move bravebird\n>p2 move substitute\n>p1 switch 4\n>p2 move substitute\n>p1 move knockoff\n>p2 move thunderbolt\n>p1 switch 2\n>p2 move thunderbolt\n>p1 move thunderwave\n>p2 move thunderbolt\n>p1 switch 4\n>p1 move bravebird\n>p2 move leechseed\n>p1 move surf\n>p2 move substitute\n>p1 move bravebird\n>p2 move gigadrain\n>forcelose p1", "uploadtime": 1782739324, "views": 9, "formatid": "gen9randombattle", "rating": null, "private": 0, "password": null, "player_dets": [{"name": "Xerneas2", "avatar": "lyra", "rating": 1986, "seed": "sodium,4ef8e01200419e5e8030ee6a6b3b1153"}, {"name": "matsya nyaya", "avatar": "2", "rating": 2092, "seed": "sodium,860601b477beaa23cc1cd755faac04ea"}], "teams_full": [{"Cramorant": {"name": "Cramorant", "species": "Cramorant", "speciesId": "cramorant", "gender": "F", "shiny": false, "level": 86, "moves": ["surf", "defog", "roost", "bravebird"], "ability": "Gulp Missile", "evs": {"hp": 85, "atk": 85, "def": 85, "spa": 85, "spd": 85, "spe": 85}, "ivs": {"hp": 31, "atk": 31, "def": 31, "spa": 31, "spd": 31, "spe": 31}, "item": "Heavy-Duty Boots", "teraType": "Ground", "role": "Bulky Support", "bvs": {"hp": 70, "atk": 85, "def": 55, "spa": 85, "spd": 95, "spe": 85}, "stats": {"hp": 261, "atk": 195, "def": 144, "spa": 195, "spd": 213, "spe": 195}, "types": ["Flying", "Water"]}, "Grafaiai": {"name": "Grafaiai", "species": "Grafaiai", "speciesId": "grafaiai", "gender": "M", "shiny": false, "level": 86, "moves": ["swordsdance", "gunkshot", "knockoff", "lowkick"], "ability": "Poison Touch", "evs": {"hp": 85, "atk": 85, "def": 85, "spa": 85, "spd": 85, "spe": 85}, "ivs": {"hp": 31, "atk": 31, "def": 31, "spa": 31, "spd": 31, "spe": 31}, "item": "Life Orb", "teraType": "Dark", "role": "Setup Sweeper", "bvs": {"hp": 63, "atk": 95, "def": 65, "spa": 80, "spd": 72, "spe": 110}, "stats": {"hp": 249, "atk": 213, "def": 161, "spa": 187, "spd": 173, "spe": 238}, "types": ["Poison", "Normal"]}, "Wigglytuff": {"name": "Wigglytuff", "species": "Wigglytuff", "speciesId": "wigglytuff", "gender": "F", "shiny": false, "level": 96, "moves": ["thunderwave", "knockoff", "fireblast", "dazzlinggleam"], "ability": "Competitive", "evs": {"hp": 85, "atk": 85, "def": 85, "spa": 85, "spd": 85, "spe": 85}, "ivs": {"hp": 31, "atk": 31, "def": 31, "spa": 31, "spd": 31, "spe": 31}, "item": "Leftovers", "teraType": "Poison", "role": "Bulky Support", "bvs": {"hp": 140, "atk": 70, "def": 45, "spa": 85, "spd": 50, "spe": 45}, "stats": {"hp": 424, "atk": 189, "def": 141, "spa": 218, "spd": 150, "spe": 141}, "types": ["Normal", "Fairy"]}, "Glaceon": {"name": "Glaceon", "species": "Glaceon", "speciesId": "glaceon", "gender": "F", "shiny": false, "level": 94, "moves": ["freezedry", "mudshot", "wish", "protect"], "ability": "Ice Body", "evs": {"hp": 85, "atk": 0, "def": 85, "spa": 85, "spd": 85, "spe": 85}, "ivs": {"hp": 31, "atk": 0, "def": 31, "spa": 31, "spd": 31, "spe": 31}, "item": "Heavy-Duty Boots", "teraType": "Ground", "role": "Bulky Attacker", "bvs": {"hp": 65, "atk": 60, "def": 110, "spa": 130, "spd": 95, "spe": 65}, "stats": {"hp": 275, "atk": 117, "def": 260, "spa": 298, "spd": 232, "spe": 176}, "types": ["Ice"]}, "Poliwrath": {"name": "Poliwrath", "species": "Poliwrath", "speciesId": "poliwrath", "gender": "F", "shiny": false, "level": 88, "moves": ["drainpunch", "icepunch", "liquidation", "bulkup"], "ability": "Water Absorb", "evs": {"hp": 85, "atk": 85, "def": 85, "spa": 85, "spd": 85, "spe": 85}, "ivs": {"hp": 31, "atk": 31, "def": 31, "spa": 31, "spd": 31, "spe": 31}, "item": "Leftovers", "teraType": "Fighting", "role": "Bulky Setup", "bvs": {"hp": 90, "atk": 95, "def": 95, "spa": 70, "spd": 90, "spe": 70}, "stats": {"hp": 302, "atk": 217, "def": 217, "spa": 173, "spd": 209, "spe": 173}, "types": ["Water", "Fighting"]}, "Houndstone": {"name": "Houndstone", "species": "Houndstone", "speciesId": "houndstone", "gender": "F", "shiny": false, "level": 86, "moves": ["shadowsneak", "bodypress", "poltergeist", "playrough"], "ability": "Fluffy", "evs": {"hp": 85, "atk": 85, "def": 85, "spa": 85, "spd": 85, "spe": 85}, "ivs": {"hp": 31, "atk": 31, "def": 31, "spa": 31, "spd": 31, "spe": 31}, "item": "Choice Band", "teraType": "Fighting", "role": "Bulky Attacker", "bvs": {"hp": 72, "atk": 101, "def": 100, "spa": 50, "spd": 97, "spe": 68}, "stats": {"hp": 264, "atk": 223, "def": 221, "spa": 135, "spd": 216, "spe": 166}, "types": ["Ghost"]}}, {"Darkrai": {"name": "Darkrai", "species": "Darkrai", "speciesId": "darkrai", "gender": "N", "shiny": false, "level": 77, "moves": ["darkpulse", "hypnosis", "nastyplot", "sludgebomb"], "ability": "Bad Dreams", "evs": {"hp": 85, "atk": 0, "def": 85, "spa": 85, "spd": 85, "spe": 85}, "ivs": {"hp": 31, "atk": 0, "def": 31, "spa": 31, "spd": 31, "spe": 31}, "item": "Life Orb", "teraType": "Poison", "role": "Setup Sweeper", "bvs": {"hp": 70, "atk": 90, "def": 90, "spa": 135, "spd": 90, "spe": 125}, "stats": {"hp": 234, "atk": 143, "def": 183, "spa": 252, "spd": 183, "spe": 237}, "types": ["Dark"]}, "Veluza": {"name": "Veluza", "species": "Veluza", "speciesId": "veluza", "gender": "F", "shiny": false, "level": 85, "moves": ["aquacutter", "psychocut", "nightslash", "filletaway"], "ability": "Sharpness", "evs": {"hp": 85, "atk": 85, "def": 85, "spa": 85, "spd": 85, "spe": 85}, "ivs": {"hp": 31, "atk": 31, "def": 31, "spa": 31, "spd": 31, "spe": 31}, "item": "Sitrus Berry", "teraType": "Dark", "role": "Setup Sweeper", "bvs": {"hp": 90, "atk": 102, "def": 73, "spa": 78, "spd": 65, "spe": 70}, "stats": {"hp": 292, "atk": 222, "def": 173, "spa": 181, "spd": 159, "spe": 168}, "types": ["Water", "Psychic"]}, "Inteleon": {"name": "Inteleon", "species": "Inteleon", "speciesId": "inteleon", "gender": "M", "shiny": false, "level": 81, "moves": ["uturn", "hydropump", "icebeam", "scald"], "ability": "Torrent", "evs": {"hp": 85, "atk": 85, "def": 85, "spa": 85, "spd": 85, "spe": 85}, "ivs": {"hp": 31, "atk": 31, "def": 31, "spa": 31, "spd": 31, "spe": 31}, "item": "Choice Specs", "teraType": "Water", "role": "Wallbreaker", "bvs": {"hp": 70, "atk": 85, "def": 65, "spa": 125, "spd": 65, "spe": 120}, "stats": {"hp": 246, "atk": 184, "def": 152, "spa": 249, "spd": 152, "spe": 241}, "types": ["Water"]}, "Komala": {"name": "Komala", "species": "Komala", "speciesId": "komala", "gender": "M", "shiny": false, "level": 88, "moves": ["bodyslam", "uturn", "rapidspin", "knockoff"], "ability": "Comatose", "evs": {"hp": 85, "atk": 85, "def": 85, "spa": 85, "spd": 85, "spe": 85}, "ivs": {"hp": 31, "atk": 31, "def": 31, "spa": 31, "spd": 31, "spe": 31}, "item": "Assault Vest", "teraType": "Ghost", "role": "Bulky Support", "bvs": {"hp": 65, "atk": 115, "def": 65, "spa": 75, "spd": 95, "spe": 65}, "stats": {"hp": 258, "atk": 253, "def": 165, "spa": 182, "spd": 217, "spe": 165}, "types": ["Normal"]}, "Electrode": {"name": "Electrode", "species": "Electrode-Hisui", "speciesId": "electrodehisui", "gender": "N", "shiny": false, "level": 87, "moves": ["leechseed", "thunderbolt", "gigadrain", "substitute"], "ability": "Soundproof", "evs": {"hp": 85, "atk": 0, "def": 85, "spa": 85, "spd": 85, "spe": 85}, "ivs": {"hp": 31, "atk": 0, "def": 31, "spa": 31, "spd": 31, "spe": 31}, "item": "Leftovers", "teraType": "Poison", "role": "Fast Support", "bvs": {"hp": 60, "atk": 50, "def": 70, "spa": 80, "spd": 80, "spe": 150}, "stats": {"hp": 246, "atk": 92, "def": 172, "spa": 189, "spd": 189, "spe": 311}, "types": ["Electric", "Grass"]}, "Grimmsnarl": {"name": "Grimmsnarl", "species": "Grimmsnarl", "speciesId": "grimmsnarl", "gender": "M", "shiny": false, "level": 83, "moves": ["partingshot", "reflect", "lightscreen", "spiritbreak"], "ability": "Prankster", "evs": {"hp": 85, "atk": 85, "def": 85, "spa": 85, "spd": 85, "spe": 85}, "ivs": {"hp": 31, "atk": 31, "def": 31, "spa": 31, "spd": 31, "spe": 31}, "item": "Light Clay", "teraType": "Poison", "role": "Bulky Support", "bvs": {"hp": 95, "atk": 120, "def": 65, "spa": 95, "spd": 75, "spe": 60}, "stats": {"hp": 293, "atk": 247, "def": 156, "spa": 205, "spd": 172, "spe": 147}, "types": ["Dark", "Fairy"]}}]}