{"id": "gen9randombattle-2641505259", "format": "[Gen 9] Random Battle", "players": ["ChadInteleonUser", "Calibold"], "log": "|j|\u2606ChadInteleonUser\n|j|\u2606Calibold\n|t:|1782796365\n|gametype|singles\n|player|p1|ChadInteleonUser|wallace|2156\n|player|p2|Calibold|larry|2113\n|gen|9\n|tier|[Gen 9] Random Battle\n|rated|\n|rule|Species Clause: Limit one of each Pok\u00e9mon\n|rule|HP Percentage Mod: HP is shown in percentages\n|rule|Sleep Clause Mod: Limit one foe put to sleep\n|rule|Illusion Level Mod: Illusion disguises the Pok\u00e9mon's true level\n|\n|t:|1782796365\n|teamsize|p1|6\n|teamsize|p2|6\n|start\n|switch|p1a: Tornadus|Tornadus-Therian, L79, M|254/254\n|switch|p2a: Magnezone|Magnezone, L85|258/258\n|turn|1\n|inactive|Battle timer is ON: inactive players will automatically lose when time's up. (requested by ChadInteleonUser)\n|\n|t:|1782796378\n|move|p1a: Tornadus|U-turn|p2a: Magnezone\n|-resisted|p2a: Magnezone\n|-damage|p2a: Magnezone|240/258\n|\n|t:|1782796382\n|switch|p1a: Latias|Latias, L79, F|256/256|[from] U-turn\n|move|p2a: Magnezone|Volt Switch|p1a: Latias\n|-resisted|p1a: Latias\n|-damage|p1a: Latias|216/256\n|\n|t:|1782796406\n|switch|p2a: Bronzong|Bronzong, L88|261/261|[from] Volt Switch\n|\n|upkeep\n|turn|2\n|\n|t:|1782796412\n|switch|p1a: Excadrill|Excadrill, L79, F|303/303\n|-ability|p1a: Excadrill|Mold Breaker\n|move|p2a: Bronzong|Iron Head|p1a: Excadrill\n|-resisted|p1a: Excadrill\n|-damage|p1a: Excadrill|247/303\n|\n|upkeep\n|turn|3\n|\n|t:|1782796420\n|switch|p2a: Vaporeon|Vaporeon, L86, M|364/364\n|move|p1a: Excadrill|Earthquake|p2a: Vaporeon\n|-damage|p2a: Vaporeon|210/364\n|\n|-heal|p2a: Vaporeon|232/364|[from] item: Leftovers\n|upkeep\n|turn|4\n|\n|t:|1782796430\n|switch|p1a: Tornadus|Tornadus-Therian, L79, M|254/254\n|move|p2a: Vaporeon|Scald|p1a: Tornadus\n|-damage|p1a: Tornadus|184/254\n|-status|p1a: Tornadus|brn\n|\n|-heal|p2a: Vaporeon|254/364|[from] item: Leftovers\n|-damage|p1a: Tornadus|169/254 brn|[from] brn\n|upkeep\n|turn|5\n|\n|t:|1782796434\n|move|p1a: Tornadus|Knock Off|p2a: Vaporeon\n|-damage|p2a: Vaporeon|211/364\n|-enditem|p2a: Vaporeon|Leftovers|[from] move: Knock Off|[of] p1a: Tornadus\n|move|p2a: Vaporeon|Wish|p2a: Vaporeon\n|\n|-damage|p1a: Tornadus|154/254 brn|[from] brn\n|upkeep\n|turn|6\n|\n|t:|1782796439\n|move|p1a: Tornadus|Bleakwind Storm|p2a: Vaporeon\n|-damage|p2a: Vaporeon|111/364\n|move|p2a: Vaporeon|Scald|p1a: Tornadus\n|-damage|p1a: Tornadus|84/254 brn\n|\n|-heal|p2a: Vaporeon|293/364|[from] move: Wish|[wisher] Vaporeon\n|-damage|p1a: Tornadus|69/254 brn|[from] brn\n|upkeep\n|turn|7\n|\n|t:|1782796443\n|move|p1a: Tornadus|Bleakwind Storm|p2a: Vaporeon|[miss]\n|-miss|p1a: Tornadus|p2a: Vaporeon\n|move|p2a: Vaporeon|Wish|p2a: Vaporeon\n|\n|-damage|p1a: Tornadus|54/254 brn|[from] brn\n|upkeep\n|turn|8\n|\n|t:|1782796445\n|move|p1a: Tornadus|U-turn|p2a: Vaporeon\n|-damage|p2a: Vaporeon|266/364\n|\n|t:|1782796450\n|switch|p1a: Latias|Latias, L79, F|216/256|[from] U-turn\n|move|p2a: Vaporeon|Scald|p1a: Latias\n|-resisted|p1a: Latias\n|-damage|p1a: Latias|180/256\n|-status|p1a: Latias|brn\n|\n|-heal|p2a: Vaporeon|364/364|[from] move: Wish|[wisher] Vaporeon\n|-damage|p1a: Latias|164/256 brn|[from] brn\n|upkeep\n|turn|9\n|\n|t:|1782796455\n|move|p1a: Latias|Calm Mind|p1a: Latias\n|-boost|p1a: Latias|spa|1\n|-boost|p1a: Latias|spd|1\n|move|p2a: Vaporeon|Roar|p1a: Latias\n|drag|p1a: Pyroar|Pyroar, L88, F|295/295\n|-ability|p1a: Pyroar|Unnerve\n|\n|upkeep\n|turn|10\n|\n|t:|1782796461\n|switch|p1a: Tornadus|Tornadus-Therian, L79, M|138/254 brn\n|move|p2a: Vaporeon|Scald|p1a: Tornadus\n|-damage|p1a: Tornadus|74/254 brn\n|\n|-damage|p1a: Tornadus|59/254 brn|[from] brn\n|upkeep\n|turn|11\n|\n|t:|1782796467\n|move|p1a: Tornadus|U-turn|p2a: Vaporeon\n|-damage|p2a: Vaporeon|335/364\n|\n|t:|1782796470\n|switch|p1a: Latias|Latias, L79, F|164/256 brn|[from] U-turn\n|move|p2a: Vaporeon|Wish|p2a: Vaporeon\n|\n|-damage|p1a: Latias|148/256 brn|[from] brn\n|upkeep\n|turn|12\n|\n|t:|1782796474\n|move|p1a: Latias|Draco Meteor|p2a: Vaporeon\n|-damage|p2a: Vaporeon|185/364\n|-unboost|p1a: Latias|spa|2\n|move|p2a: Vaporeon|Roar|p1a: Latias\n|drag|p1a: Pyroar|Pyroar, L88, F|295/295\n|-ability|p1a: Pyroar|Unnerve\n|\n|-heal|p2a: Vaporeon|364/364|[from] move: Wish|[wisher] Vaporeon\n|upkeep\n|turn|13\n|\n|t:|1782796481\n|switch|p1a: Tornadus|Tornadus-Therian, L79, M|143/254 brn\n|move|p2a: Vaporeon|Scald|p1a: Tornadus\n|-damage|p1a: Tornadus|80/254 brn\n|\n|-damage|p1a: Tornadus|65/254 brn|[from] brn\n|upkeep\n|turn|14\n|\n|t:|1782796484\n|move|p1a: Tornadus|U-turn|p2a: Vaporeon\n|-damage|p2a: Vaporeon|334/364\n|\n|t:|1782796487\n|switch|p1a: Latias|Latias, L79, F|148/256 brn|[from] U-turn\n|move|p2a: Vaporeon|Roar|p1a: Latias\n|drag|p1a: Excadrill|Excadrill, L79, F|247/303\n|-ability|p1a: Excadrill|Mold Breaker\n|\n|upkeep\n|turn|15\n|\n|t:|1782796492\n|switch|p1a: Tornadus|Tornadus-Therian, L79, M|149/254 brn\n|move|p2a: Vaporeon|Scald|p1a: Tornadus\n|-damage|p1a: Tornadus|79/254 brn\n|\n|-damage|p1a: Tornadus|64/254 brn|[from] brn\n|upkeep\n|turn|16\n|\n|t:|1782796497\n|move|p1a: Tornadus|U-turn|p2a: Vaporeon\n|-damage|p2a: Vaporeon|306/364\n|\n|t:|1782796499\n|switch|p1a: Latias|Latias, L79, F|148/256 brn|[from] U-turn\n|move|p2a: Vaporeon|Roar|p1a: Latias\n|drag|p1a: Excadrill|Excadrill, L79, F|247/303\n|-ability|p1a: Excadrill|Mold Breaker\n|\n|upkeep\n|turn|17\n|\n|t:|1782796503\n|switch|p1a: Tornadus|Tornadus-Therian, L79, M|148/254 brn\n|move|p2a: Vaporeon|Wish|p2a: Vaporeon\n|\n|-damage|p1a: Tornadus|133/254 brn|[from] brn\n|upkeep\n|turn|18\n|\n|t:|1782796513\n|move|p1a: Tornadus|Bleakwind Storm|p2a: Vaporeon|[miss]\n|-miss|p1a: Tornadus|p2a: Vaporeon\n|move|p2a: Vaporeon|Roar|p1a: Tornadus\n|drag|p1a: Excadrill|Excadrill, L79, F|247/303\n|-ability|p1a: Excadrill|Mold Breaker\n|\n|-heal|p2a: Vaporeon|364/364|[from] move: Wish|[wisher] Vaporeon\n|upkeep\n|turn|19\n|\n|t:|1782796517\n|switch|p1a: Tornadus|Tornadus-Therian, L79, M|217/254 brn\n|move|p2a: Vaporeon|Scald|p1a: Tornadus\n|-damage|p1a: Tornadus|147/254 brn\n|\n|-damage|p1a: Tornadus|132/254 brn|[from] brn\n|upkeep\n|turn|20\n|\n|t:|1782796520\n|move|p1a: Tornadus|Bleakwind Storm|p2a: Vaporeon\n|-damage|p2a: Vaporeon|268/364\n|move|p2a: Vaporeon|Roar|p1a: Tornadus\n|drag|p1a: Excadrill|Excadrill, L79, F|247/303\n|-ability|p1a: Excadrill|Mold Breaker\n|\n|upkeep\n|turn|21\n|\n|t:|1782796524\n|switch|p1a: Tornadus|Tornadus-Therian, L79, M|216/254 brn\n|move|p2a: Vaporeon|Scald|p1a: Tornadus\n|-damage|p1a: Tornadus|143/254 brn\n|\n|-damage|p1a: Tornadus|128/254 brn|[from] brn\n|upkeep\n|turn|22\n|\n|t:|1782796527\n|switch|p1a: Latias|Latias, L79, F|148/256 brn\n|move|p2a: Vaporeon|Wish|p2a: Vaporeon\n|\n|-damage|p1a: Latias|132/256 brn|[from] brn\n|upkeep\n|turn|23\n|\n|t:|1782796530\n|move|p1a: Latias|Draco Meteor|p2a: Vaporeon\n|-damage|p2a: Vaporeon|124/364\n|-unboost|p1a: Latias|spa|2\n|move|p2a: Vaporeon|Roar|p1a: Latias\n|drag|p1a: Spectrier|Spectrier, L75|274/274\n|\n|-heal|p2a: Vaporeon|306/364|[from] move: Wish|[wisher] Vaporeon\n|upkeep\n|turn|24\n|\n|t:|1782796537\n|switch|p1a: Tornadus|Tornadus-Therian, L79, M|212/254 brn\n|move|p2a: Vaporeon|Roar|p1a: Tornadus\n|drag|p1a: Spectrier|Spectrier, L75|274/274\n|\n|upkeep\n|turn|25\n|\n|t:|1782796542\n|switch|p1a: Tornadus|Tornadus-Therian, L79, M|254/254 brn\n|move|p2a: Vaporeon|Wish|p2a: Vaporeon\n|\n|-damage|p1a: Tornadus|239/254 brn|[from] brn\n|upkeep\n|turn|26\n|\n|t:|1782796550\n|move|p1a: Tornadus|Knock Off|p2a: Vaporeon\n|-damage|p2a: Vaporeon|281/364\n|move|p2a: Vaporeon|Scald|p1a: Tornadus\n|-damage|p1a: Tornadus|173/254 brn\n|\n|-heal|p2a: Vaporeon|364/364|[from] move: Wish|[wisher] Vaporeon\n|-damage|p1a: Tornadus|158/254 brn|[from] brn\n|upkeep\n|turn|27\n|\n|t:|1782796554\n|move|p1a: Tornadus|Knock Off|p2a: Vaporeon\n|-damage|p2a: Vaporeon|337/364\n|move|p2a: Vaporeon|Scald|p1a: Tornadus\n|-damage|p1a: Tornadus|83/254 brn\n|\n|-damage|p1a: Tornadus|68/254 brn|[from] brn\n|upkeep\n|turn|28\n|\n|t:|1782796557\n|move|p1a: Tornadus|U-turn|p2a: Vaporeon\n|-damage|p2a: Vaporeon|305/364\n|\n|t:|1782796559\n|switch|p1a: Latias|Latias, L79, F|132/256 brn|[from] U-turn\n|move|p2a: Vaporeon|Roar|p1a: Latias\n|drag|p1a: Tornadus|Tornadus-Therian, L79, M|152/254 brn\n|\n|-damage|p1a: Tornadus|137/254 brn|[from] brn\n|upkeep\n|turn|29\n|\n|t:|1782796565\n|move|p1a: Tornadus|Knock Off|p2a: Vaporeon\n|-damage|p2a: Vaporeon|277/364\n|move|p2a: Vaporeon|Roar|p1a: Tornadus\n|drag|p1a: Squawkabilly|Squawkabilly-White, L89, M|291/291\n|\n|upkeep\n|turn|30\n|\n|t:|1782796572\n|move|p1a: Squawkabilly|Brave Bird|p2a: Vaporeon|[miss]\n|-miss|p1a: Squawkabilly|p2a: Vaporeon\n|move|p2a: Vaporeon|Scald|p1a: Squawkabilly\n|-damage|p1a: Squawkabilly|150/291\n|\n|upkeep\n|turn|31\n|\n|t:|1782796575\n|switch|p2a: Magnezone|Magnezone, L85|240/258\n|move|p1a: Squawkabilly|Brave Bird|p2a: Magnezone\n|-resisted|p2a: Magnezone\n|-damage|p2a: Magnezone|196/258\n|-damage|p1a: Squawkabilly|135/291|[from] Recoil\n|\n|upkeep\n|turn|32\n|\n|t:|1782796578\n|move|p2a: Magnezone|Volt Switch|p1a: Squawkabilly\n|-supereffective|p1a: Squawkabilly\n|-damage|p1a: Squawkabilly|0 fnt\n|faint|p1a: Squawkabilly\n|\n|t:|1782796583\n|switch|p2a: Charizard|Charizard, L85, F|271/271|[from] Volt Switch\n|\n|upkeep\n|\n|t:|1782796591\n|switch|p1a: Pyroar|Pyroar, L88, F|295/295\n|-ability|p1a: Pyroar|Unnerve\n|turn|33\n|\n|t:|1782796595\n|move|p1a: Pyroar|Work Up|p1a: Pyroar\n|-boost|p1a: Pyroar|atk|1\n|-boost|p1a: Pyroar|spa|1\n|move|p2a: Charizard|Earthquake|p1a: Pyroar\n|-supereffective|p1a: Pyroar\n|-damage|p1a: Pyroar|149/295\n|\n|upkeep\n|turn|34\n|\n|t:|1782796602\n|move|p1a: Pyroar|Hyper Voice|p2a: Charizard\n|-damage|p2a: Charizard|81/271\n|move|p2a: Charizard|Earthquake|p1a: Pyroar\n|-supereffective|p1a: Pyroar\n|-damage|p1a: Pyroar|5/295\n|\n|upkeep\n|turn|35\n|\n|t:|1782796608\n|move|p1a: Pyroar|Dark Pulse|p2a: Charizard\n|-crit|p2a: Charizard\n|-damage|p2a: Charizard|0 fnt\n|faint|p2a: Charizard\n|\n|upkeep\n|\n|t:|1782796617\n|switch|p2a: Vaporeon|Vaporeon, L86, M|277/364\n|turn|36\n|\n|t:|1782796622\n|move|p1a: Pyroar|Hyper Voice|p2a: Vaporeon\n|-damage|p2a: Vaporeon|111/364\n|move|p2a: Vaporeon|Scald|p1a: Pyroar\n|-supereffective|p1a: Pyroar\n|-damage|p1a: Pyroar|0 fnt\n|faint|p1a: Pyroar\n|\n|upkeep\n|\n|t:|1782796631\n|switch|p1a: Spectrier|Spectrier, L75|274/274\n|turn|37\n|\n|t:|1782796636\n|switch|p2a: Crabominable|Crabominable, L90, M|321/321\n|move|p1a: Spectrier|Shadow Ball|p2a: Crabominable\n|-damage|p2a: Crabominable|173/321\n|-damage|p1a: Spectrier|247/274|[from] item: Life Orb\n|\n|upkeep\n|turn|38\n|\n|t:|1782796647\n|move|p1a: Spectrier|Will-O-Wisp|p2a: Crabominable\n|-status|p2a: Crabominable|brn\n|move|p2a: Crabominable|Ice Hammer|p1a: Spectrier\n|-damage|p1a: Spectrier|57/274\n|-unboost|p2a: Crabominable|spe|1\n|\n|-damage|p2a: Crabominable|153/321 brn|[from] brn\n|upkeep\n|turn|39\n|\n|t:|1782796653\n|switch|p1a: Excadrill|Excadrill, L79, F|247/303\n|-ability|p1a: Excadrill|Mold Breaker\n|move|p2a: Crabominable|Ice Hammer|p1a: Excadrill\n|-damage|p1a: Excadrill|64/303\n|-unboost|p2a: Crabominable|spe|1\n|\n|-damage|p2a: Crabominable|133/321 brn|[from] brn\n|upkeep\n|turn|40\n|\n|t:|1782796657\n|move|p1a: Excadrill|Iron Head|p2a: Crabominable\n|-supereffective|p2a: Crabominable\n|-damage|p2a: Crabominable|0 fnt\n|faint|p2a: Crabominable\n|\n|upkeep\n|\n|t:|1782796670\n|switch|p2a: Drifblim|Drifblim, L86, M|398/398\n|turn|41\n|\n|t:|1782796675\n|switch|p1a: Tornadus|Tornadus-Therian, L79, M|221/254 brn\n|move|p2a: Drifblim|Shadow Ball|p1a: Tornadus\n|-damage|p1a: Tornadus|157/254 brn\n|\n|-damage|p1a: Tornadus|142/254 brn|[from] brn\n|upkeep\n|turn|42\n|\n|t:|1782796682\n|switch|p2a: Vaporeon|Vaporeon, L86, M|111/364\n|move|p1a: Tornadus|Knock Off|p2a: Vaporeon\n|-damage|p2a: Vaporeon|86/364\n|\n|-damage|p1a: Tornadus|127/254 brn|[from] brn\n|upkeep\n|turn|43\n|\n|t:|1782796689\n|move|p1a: Tornadus|Bleakwind Storm|p2a: Vaporeon|[miss]\n|-miss|p1a: Tornadus|p2a: Vaporeon\n|move|p2a: Vaporeon|Wish|p2a: Vaporeon\n|\n|-damage|p1a: Tornadus|112/254 brn|[from] brn\n|upkeep\n|turn|44\n|\n|t:|1782796693\n|switch|p1a: Latias|Latias, L79, F|132/256 brn\n|move|p2a: Vaporeon|Protect||[still]\n|-fail|p2a: Vaporeon\n|\n|-heal|p2a: Vaporeon|268/364|[from] move: Wish|[wisher] Vaporeon\n|-damage|p1a: Latias|116/256 brn|[from] brn\n|upkeep\n|turn|45\n|\n|t:|1782796696\n|move|p1a: Latias|Calm Mind|p1a: Latias\n|-boost|p1a: Latias|spa|1\n|-boost|p1a: Latias|spd|1\n|move|p2a: Vaporeon|Wish|p2a: Vaporeon\n|\n|-damage|p1a: Latias|100/256 brn|[from] brn\n|upkeep\n|turn|46\n|\n|t:|1782796699\n|move|p2a: Vaporeon|Protect|p2a: Vaporeon\n|-singleturn|p2a: Vaporeon|Protect\n|move|p1a: Latias|Recover|p1a: Latias\n|-heal|p1a: Latias|228/256 brn\n|\n|-heal|p2a: Vaporeon|364/364|[from] move: Wish|[wisher] Vaporeon\n|-damage|p1a: Latias|212/256 brn|[from] brn\n|upkeep\n|turn|47\n|\n|t:|1782796702\n|move|p1a: Latias|Draco Meteor|p2a: Vaporeon\n|-damage|p2a: Vaporeon|142/364\n|-unboost|p1a: Latias|spa|2\n|move|p2a: Vaporeon|Roar|p1a: Latias\n|drag|p1a: Spectrier|Spectrier, L75|57/274\n|\n|upkeep\n|turn|48\n|\n|t:|1782796708\n|switch|p1a: Tornadus|Tornadus-Therian, L79, M|196/254 brn\n|move|p2a: Vaporeon|Wish|p2a: Vaporeon\n|\n|-damage|p1a: Tornadus|181/254 brn|[from] brn\n|upkeep\n|turn|49\n|\n|t:|1782796711\n|move|p1a: Tornadus|U-turn|p2a: Vaporeon\n|-damage|p2a: Vaporeon|110/364\n|\n|t:|1782796714\n|switch|p1a: Latias|Latias, L79, F|212/256 brn|[from] U-turn\n|move|p2a: Vaporeon|Roar|p1a: Latias\n|drag|p1a: Spectrier|Spectrier, L75|57/274\n|\n|-heal|p2a: Vaporeon|292/364|[from] move: Wish|[wisher] Vaporeon\n|upkeep\n|turn|50\n|\n|t:|1782796722\n|switch|p1a: Tornadus|Tornadus-Therian, L79, M|254/254 brn\n|move|p2a: Vaporeon|Wish|p2a: Vaporeon\n|\n|-damage|p1a: Tornadus|239/254 brn|[from] brn\n|upkeep\n|turn|51\n|\n|t:|1782796726\n|move|p1a: Tornadus|Knock Off|p2a: Vaporeon\n|-damage|p2a: Vaporeon|266/364\n|move|p2a: Vaporeon|Scald|p1a: Tornadus\n|-damage|p1a: Tornadus|172/254 brn\n|\n|-heal|p2a: Vaporeon|364/364|[from] move: Wish|[wisher] Vaporeon\n|-damage|p1a: Tornadus|157/254 brn|[from] brn\n|upkeep\n|turn|52\n|\n|t:|1782796731\n|switch|p2a: Magnezone|Magnezone, L85|196/258\n|move|p1a: Tornadus|Knock Off|p2a: Magnezone\n|-damage|p2a: Magnezone|172/258\n|-enditem|p2a: Magnezone|Choice Scarf|[from] move: Knock Off|[of] p1a: Tornadus\n|\n|-damage|p1a: Tornadus|142/254 brn|[from] brn\n|upkeep\n|turn|53\n|\n|t:|1782796736\n|move|p1a: Tornadus|U-turn|p2a: Magnezone\n|-resisted|p2a: Magnezone\n|-damage|p2a: Magnezone|163/258\n|\n|t:|1782796739\n|switch|p1a: Latias|Latias, L79, F|212/256 brn|[from] U-turn\n|move|p2a: Magnezone|Body Press|p1a: Latias\n|-resisted|p1a: Latias\n|-damage|p1a: Latias|180/256 brn\n|\n|-damage|p1a: Latias|164/256 brn|[from] brn\n|upkeep\n|turn|54\n|\n|t:|1782796743\n|move|p1a: Latias|Calm Mind|p1a: Latias\n|-boost|p1a: Latias|spa|1\n|-boost|p1a: Latias|spd|1\n|move|p2a: Magnezone|Volt Switch|p1a: Latias\n|-resisted|p1a: Latias\n|-damage|p1a: Latias|139/256 brn\n|\n|t:|1782796746\n|switch|p2a: Bronzong|Bronzong, L88|261/261|[from] Volt Switch\n|\n|-damage|p1a: Latias|123/256 brn|[from] brn\n|upkeep\n|turn|55\n|\n|t:|1782796749\n|move|p1a: Latias|Recover|p1a: Latias\n|-heal|p1a: Latias|251/256 brn\n|move|p2a: Bronzong|Iron Defense|p2a: Bronzong\n|-boost|p2a: Bronzong|def|2\n|\n|-damage|p1a: Latias|235/256 brn|[from] brn\n|upkeep\n|turn|56\n|\n|t:|1782796755\n|move|p1a: Latias|Calm Mind|p1a: Latias\n|-boost|p1a: Latias|spa|1\n|-boost|p1a: Latias|spd|1\n|move|p2a: Bronzong|Iron Head|p1a: Latias\n|-damage|p1a: Latias|148/256 brn\n|\n|-damage|p1a: Latias|132/256 brn|[from] brn\n|upkeep\n|turn|57\n|\n|t:|1782796757\n|move|p1a: Latias|Calm Mind|p1a: Latias\n|-boost|p1a: Latias|spa|1\n|-boost|p1a: Latias|spd|1\n|move|p2a: Bronzong|Iron Head|p1a: Latias\n|-damage|p1a: Latias|44/256 brn\n|\n|-damage|p1a: Latias|28/256 brn|[from] brn\n|upkeep\n|turn|58\n|\n|t:|1782796760\n|move|p1a: Latias|Recover|p1a: Latias\n|-heal|p1a: Latias|156/256 brn\n|move|p2a: Bronzong|Iron Head|p1a: Latias\n|-damage|p1a: Latias|59/256 brn\n|\n|-damage|p1a: Latias|43/256 brn|[from] brn\n|upkeep\n|turn|59\n|\n|t:|1782796763\n|move|p1a: Latias|Recover|p1a: Latias\n|-heal|p1a: Latias|171/256 brn\n|move|p2a: Bronzong|Iron Head|p1a: Latias\n|-damage|p1a: Latias|78/256 brn\n|\n|-damage|p1a: Latias|62/256 brn|[from] brn\n|upkeep\n|turn|60\n|\n|t:|1782796765\n|move|p1a: Latias|Recover|p1a: Latias\n|-heal|p1a: Latias|190/256 brn\n|move|p2a: Bronzong|Iron Head|p1a: Latias\n|-damage|p1a: Latias|100/256 brn\n|\n|-damage|p1a: Latias|84/256 brn|[from] brn\n|upkeep\n|turn|61\n|\n|t:|1782796768\n|move|p1a: Latias|Recover|p1a: Latias\n|-heal|p1a: Latias|212/256 brn\n|move|p2a: Bronzong|Iron Head|p1a: Latias\n|-damage|p1a: Latias|112/256 brn\n|\n|-damage|p1a: Latias|96/256 brn|[from] brn\n|upkeep\n|turn|62\n|\n|t:|1782796769\n|move|p1a: Latias|Recover|p1a: Latias\n|-heal|p1a: Latias|224/256 brn\n|move|p2a: Bronzong|Iron Head|p1a: Latias\n|-damage|p1a: Latias|136/256 brn\n|\n|-damage|p1a: Latias|120/256 brn|[from] brn\n|upkeep\n|turn|63\n|\n|t:|1782796771\n|move|p1a: Latias|Recover|p1a: Latias\n|-heal|p1a: Latias|248/256 brn\n|move|p2a: Bronzong|Iron Head|p1a: Latias\n|-damage|p1a: Latias|164/256 brn\n|\n|-damage|p1a: Latias|148/256 brn|[from] brn\n|upkeep\n|turn|64\n|\n|t:|1782796796\n|move|p1a: Latias|Draco Meteor|p2a: Bronzong|[miss]\n|-miss|p1a: Latias|p2a: Bronzong\n|move|p2a: Bronzong|Iron Head|p1a: Latias\n|-damage|p1a: Latias|64/256 brn\n|\n|-damage|p1a: Latias|48/256 brn|[from] brn\n|upkeep\n|turn|65\n|\n|t:|1782796806\n|move|p1a: Latias|Draco Meteor|p2a: Bronzong\n|-resisted|p2a: Bronzong\n|-damage|p2a: Bronzong|108/261\n|-unboost|p1a: Latias|spa|2\n|move|p2a: Bronzong|Iron Head|p1a: Latias\n|-damage|p1a: Latias|0 fnt\n|faint|p1a: Latias\n|\n|upkeep\n|inactive|ChadInteleonUser has 120 seconds left.\n|\n|t:|1782796837\n|switch|p1a: Tornadus|Tornadus-Therian, L79, M|226/254 brn\n|turn|66\n|\n|t:|1782796841\n|move|p1a: Tornadus|Heat Wave|p2a: Bronzong\n|-supereffective|p2a: Bronzong\n|-damage|p2a: Bronzong|12/261\n|move|p2a: Bronzong|Rest|p2a: Bronzong\n|-status|p2a: Bronzong|slp|[from] move: Rest\n|-heal|p2a: Bronzong|261/261 slp|[silent]\n|-enditem|p2a: Bronzong|Chesto Berry|[eat]\n|-curestatus|p2a: Bronzong|slp|[msg]\n|\n|-damage|p1a: Tornadus|211/254 brn|[from] brn\n|upkeep\n|turn|67\n|inactive|ChadInteleonUser has 120 seconds left.\n|\n|t:|1782796864\n|switch|p2a: Vaporeon|Vaporeon, L86, M|364/364\n|move|p1a: Tornadus|Heat Wave|p2a: Vaporeon\n|-resisted|p2a: Vaporeon\n|-damage|p2a: Vaporeon|335/364\n|\n|-damage|p1a: Tornadus|196/254 brn|[from] brn\n|upkeep\n|turn|68\n|\n|t:|1782796867\n|move|p1a: Tornadus|Bleakwind Storm|p2a: Vaporeon|[miss]\n|-miss|p1a: Tornadus|p2a: Vaporeon\n|move|p2a: Vaporeon|Scald|p1a: Tornadus\n|-damage|p1a: Tornadus|132/254 brn\n|\n|-damage|p1a: Tornadus|117/254 brn|[from] brn\n|upkeep\n|turn|69\n|-message|ChadInteleonUser forfeited.\n|\n|win|Calibold\n|raw|ChadInteleonUser's rating: 2156 &rarr; <strong>2134</strong><br />(-22 for losing)\n|raw|Calibold's rating: 2113 &rarr; <strong>2135</strong><br />(+22 for winning)\n|l|\u2606ChadInteleonUser\n|player|p1|\n", "inputlog": ">version f8ac14003a5f27e1bdc8d8c59608a773c1cb96e5\n>start {\"formatid\":\"gen9randombattle\",\"seed\":\"sodium,ef6cbdfa70444e5769842f5a69156edc\",\"rated\":\"Rated battle\"}\n>player p1 {\"name\":\"ChadInteleonUser\",\"avatar\":\"wallace\",\"rating\":2156,\"seed\":\"sodium,563f750b5b4ac6fdc01dc93051513ee8\"}\n>player p2 {\"name\":\"Calibold\",\"avatar\":\"larry\",\"rating\":2113,\"seed\":\"sodium,0956c8d924a4184231a635ca45fe663c\"}\n>p1 move uturn\n>p2 move voltswitch\n>p1 switch 2\n>p2 switch 4\n>p1 switch 3\n>p2 move ironhead\n>p1 move earthquake\n>p2 switch 5\n>p1 switch 2\n>p2 move scald\n>p1 move knockoff\n>p2 move wish\n>p1 move bleakwindstorm\n>p2 move scald\n>p1 move bleakwindstorm\n>p2 move wish\n>p1 move uturn\n>p2 move scald\n>p1 switch 3\n>p1 move calmmind\n>p2 move roar\n>p1 switch 3\n>p2 move scald\n>p1 move uturn\n>p2 move wish\n>p1 switch 6\n>p1 move dracometeor\n>p2 move roar\n>p1 switch 6\n>p2 move scald\n>p1 move uturn\n>p2 move roar\n>p1 switch 3\n>p1 switch 3\n>p2 move scald\n>p1 move uturn\n>p2 move roar\n>p1 switch 2\n>p1 switch 2\n>p2 move wish\n>p1 move bleakwindstorm\n>p2 move roar\n>p1 switch 2\n>p2 move scald\n>p1 move bleakwindstorm\n>p2 move roar\n>p1 switch 2\n>p2 move scald\n>p1 switch 3\n>p2 move wish\n>p1 move dracometeor\n>p2 move roar\n>p1 switch 3\n>p2 move roar\n>p1 switch 3\n>p2 move wish\n>p1 move knockoff\n>p2 move scald\n>p1 move knockoff\n>p2 move scald\n>p1 move uturn\n>p2 move roar\n>p1 switch 4\n>p1 move knockoff\n>p2 move roar\n>p1 move bravebird\n>p2 move scald\n>p1 move bravebird\n>p2 switch 4\n>p1 move partingshot\n>p2 move voltswitch\n>p2 switch 3\n>p1 switch 6\n>p1 move workup\n>p2 move earthquake\n>p1 move hypervoice\n>p2 move earthquake\n>p1 move darkpulse\n>p2 move earthquake\n>p2 switch 4\n>p1 move hypervoice\n>p2 move scald\n>p1 switch 3\n>p1 move shadowball\n>p2 switch 2\n>p1 move willowisp\n>p2 move icehammer\n>p1 switch 2\n>p2 move icehammer\n>p1 move ironhead\n>p2 move icehammer\n>p2 switch 6\n>p1 switch 5\n>p2 move shadowball\n>p1 move knockoff\n>p2 switch 2\n>p1 move bleakwindstorm\n>p2 move wish\n>p1 switch 4\n>p2 move protect\n>p1 move calmmind\n>p2 move wish\n>p1 move recover\n>p2 move protect\n>p1 move dracometeor\n>p2 move roar\n>p1 switch 4\n>p2 move wish\n>p1 move uturn\n>p2 move roar\n>p1 switch 2\n>p1 switch 2\n>p2 move wish\n>p1 move knockoff\n>p2 move scald\n>p1 move knockoff\n>p2 switch 3\n>p1 move uturn\n>p2 move bodypress\n>p1 switch 4\n>p1 move calmmind\n>p2 move voltswitch\n>p2 switch 5\n>p1 move recover\n>p2 move irondefense\n>p1 move calmmind\n>p2 move ironhead\n>p1 move calmmind\n>p2 move ironhead\n>p1 move recover\n>p2 move ironhead\n>p1 move recover\n>p2 move ironhead\n>p1 move recover\n>p2 move ironhead\n>p1 move recover\n>p2 move ironhead\n>p1 move recover\n>p2 move ironhead\n>p1 move recover\n>p2 move ironhead\n>p1 move dracometeor\n>p2 move ironhead\n>p1 move dracometeor\n>p2 move ironhead\n>p1 switch 4\n>p1 move heatwave\n>p2 move rest\n>p1 move heatwave\n>p2 switch 3\n>p1 move bleakwindstorm\n>p2 move scald\n>forcelose p1", "uploadtime": 1782796367, "views": 6, "formatid": "gen9randombattle", "rating": 2134, "private": 0, "password": null, "player_dets": [{"name": "ChadInteleonUser", "avatar": "wallace", "rating": 2156, "seed": "sodium,563f750b5b4ac6fdc01dc93051513ee8"}, {"name": "Calibold", "avatar": "larry", "rating": 2113, "seed": "sodium,0956c8d924a4184231a635ca45fe663c"}], "teams_full": [{"Tornadus": {"name": "Tornadus", "species": "Tornadus-Therian", "speciesId": "tornadustherian", "gender": "M", "shiny": false, "level": 79, "moves": ["uturn", "heatwave", "bleakwindstorm", "knockoff"], "ability": "Regenerator", "evs": {"hp": 85, "atk": 85, "def": 85, "spa": 85, "spd": 85, "spe": 85}, "ivs": {"hp": 31, "atk": 31, "def": 31, "spa": 31, "spd": 31, "spe": 31}, "item": "Assault Vest", "teraType": "Dark", "role": "AV Pivot", "bvs": {"hp": 79, "atk": 100, "def": 80, "spa": 110, "spd": 90, "spe": 121}, "stats": {"hp": 254, "atk": 204, "def": 172, "spa": 219, "spd": 188, "spe": 237}, "types": ["Flying"]}, "Latias": {"name": "Latias", "species": "Latias", "speciesId": "latias", "gender": "F", "shiny": false, "level": 79, "moves": ["calmmind", "dracometeor", "psyshock", "recover"], "ability": "Levitate", "evs": {"hp": 85, "atk": 0, "def": 85, "spa": 85, "spd": 85, "spe": 85}, "ivs": {"hp": 31, "atk": 0, "def": 31, "spa": 31, "spd": 31, "spe": 31}, "item": "Soul Dew", "teraType": "Steel", "role": "Fast Bulky Setup", "bvs": {"hp": 80, "atk": 80, "def": 90, "spa": 110, "spd": 130, "spe": 110}, "stats": {"hp": 256, "atk": 131, "def": 188, "spa": 219, "spd": 251, "spe": 219}, "types": ["Dragon", "Psychic"]}, "Excadrill": {"name": "Excadrill", "species": "Excadrill", "speciesId": "excadrill", "gender": "F", "shiny": false, "level": 79, "moves": ["rockslide", "rapidspin", "ironhead", "earthquake"], "ability": "Mold Breaker", "evs": {"hp": 85, "atk": 85, "def": 85, "spa": 85, "spd": 85, "spe": 85}, "ivs": {"hp": 31, "atk": 31, "def": 31, "spa": 31, "spd": 31, "spe": 31}, "item": "Assault Vest", "teraType": "Water", "role": "AV Pivot", "bvs": {"hp": 110, "atk": 135, "def": 60, "spa": 50, "spd": 65, "spe": 88}, "stats": {"hp": 303, "atk": 259, "def": 140, "spa": 125, "spd": 148, "spe": 185}, "types": ["Ground", "Steel"]}, "Spectrier": {"name": "Spectrier", "species": "Spectrier", "speciesId": "spectrier", "gender": "N", "shiny": false, "level": 75, "moves": ["nastyplot", "willowisp", "terablast", "shadowball"], "ability": "Grim Neigh", "evs": {"hp": 85, "atk": 0, "def": 85, "spa": 85, "spd": 85, "spe": 85}, "ivs": {"hp": 31, "atk": 0, "def": 31, "spa": 31, "spd": 31, "spe": 31}, "item": "Life Orb", "teraType": "Fighting", "role": "Tera Blast user", "bvs": {"hp": 100, "atk": 65, "def": 60, "spa": 145, "spd": 80, "spe": 130}, "stats": {"hp": 274, "atk": 102, "def": 134, "spa": 261, "spd": 164, "spe": 239}, "types": ["Ghost"]}, "Squawkabilly": {"name": "Squawkabilly", "species": "Squawkabilly-White", "speciesId": "squawkabillywhite", "gender": "M", "shiny": false, "level": 89, "moves": ["partingshot", "bravebird", "quickattack", "doubleedge"], "ability": "Hustle", "evs": {"hp": 85, "atk": 85, "def": 85, "spa": 85, "spd": 85, "spe": 85}, "ivs": {"hp": 31, "atk": 31, "def": 31, "spa": 31, "spd": 31, "spe": 31}, "item": "Heavy-Duty Boots", "teraType": "Flying", "role": "Wallbreaker", "bvs": {"hp": 82, "atk": 96, "def": 51, "spa": 45, "spd": 51, "spe": 92}, "stats": {"hp": 291, "atk": 222, "def": 142, "spa": 131, "spd": 142, "spe": 215}, "types": ["Normal", "Flying"]}, "Pyroar": {"name": "Pyroar", "species": "Pyroar", "speciesId": "pyroar", "gender": "F", "shiny": false, "level": 88, "moves": ["fireblast", "darkpulse", "workup", "hypervoice"], "ability": "Unnerve", "evs": {"hp": 85, "atk": 0, "def": 85, "spa": 85, "spd": 85, "spe": 85}, "ivs": {"hp": 31, "atk": 0, "def": 31, "spa": 31, "spd": 31, "spe": 31}, "item": "Heavy-Duty Boots", "teraType": "Fire", "role": "Fast Attacker", "bvs": {"hp": 86, "atk": 68, "def": 72, "spa": 109, "spd": 66, "spe": 106}, "stats": {"hp": 295, "atk": 124, "def": 177, "spa": 242, "spd": 166, "spe": 237}, "types": ["Fire", "Normal"]}}, {"Magnezone": {"name": "Magnezone", "species": "Magnezone", "speciesId": "magnezone", "gender": "N", "shiny": false, "level": 85, "moves": ["bodypress", "flashcannon", "thunderbolt", "voltswitch"], "ability": "Magnet Pull", "evs": {"hp": 85, "atk": 0, "def": 85, "spa": 85, "spd": 85, "spe": 85}, "ivs": {"hp": 31, "atk": 0, "def": 31, "spa": 31, "spd": 31, "spe": 31}, "item": "Choice Scarf", "teraType": "Electric", "role": "Fast Attacker", "bvs": {"hp": 70, "atk": 70, "def": 115, "spa": 130, "spd": 90, "spe": 60}, "stats": {"hp": 258, "atk": 124, "def": 244, "spa": 270, "spd": 202, "spe": 151}, "types": ["Electric", "Steel"]}, "Crabominable": {"name": "Crabominable", "species": "Crabominable", "speciesId": "crabominable", "gender": "M", "shiny": false, "level": 90, "moves": ["knockoff", "closecombat", "icehammer", "earthquake"], "ability": "Iron Fist", "evs": {"hp": 85, "atk": 85, "def": 85, "spa": 85, "spd": 85, "spe": 85}, "ivs": {"hp": 31, "atk": 31, "def": 31, "spa": 31, "spd": 31, "spe": 31}, "item": "Choice Band", "teraType": "Ground", "role": "Wallbreaker", "bvs": {"hp": 97, "atk": 132, "def": 77, "spa": 62, "spd": 67, "spe": 43}, "stats": {"hp": 321, "atk": 289, "def": 190, "spa": 163, "spd": 172, "spe": 129}, "types": ["Fighting", "Ice"]}, "Charizard": {"name": "Charizard", "species": "Charizard", "speciesId": "charizard", "gender": "F", "shiny": false, "level": 85, "moves": ["willowisp", "flamethrower", "hurricane", "earthquake"], "ability": "Blaze", "evs": {"hp": 85, "atk": 85, "def": 85, "spa": 85, "spd": 85, "spe": 85}, "ivs": {"hp": 31, "atk": 31, "def": 31, "spa": 31, "spd": 31, "spe": 31}, "item": "Heavy-Duty Boots", "teraType": "Ground", "role": "Fast Attacker", "bvs": {"hp": 78, "atk": 84, "def": 78, "spa": 109, "spd": 85, "spe": 100}, "stats": {"hp": 271, "atk": 192, "def": 181, "spa": 234, "spd": 193, "spe": 219}, "types": ["Fire", "Flying"]}, "Bronzong": {"name": "Bronzong", "species": "Bronzong", "speciesId": "bronzong", "gender": "N", "shiny": false, "level": 88, "moves": ["ironhead", "bodypress", "rest", "irondefense"], "ability": "Levitate", "evs": {"hp": 85, "atk": 85, "def": 85, "spa": 85, "spd": 85, "spe": 85}, "ivs": {"hp": 31, "atk": 31, "def": 31, "spa": 31, "spd": 31, "spe": 31}, "item": "Chesto Berry", "teraType": "Fighting", "role": "Bulky Setup", "bvs": {"hp": 67, "atk": 89, "def": 116, "spa": 79, "spd": 116, "spe": 33}, "stats": {"hp": 261, "atk": 207, "def": 254, "spa": 189, "spd": 254, "spe": 108}, "types": ["Steel", "Psychic"]}, "Vaporeon": {"name": "Vaporeon", "species": "Vaporeon", "speciesId": "vaporeon", "gender": "M", "shiny": false, "level": 86, "moves": ["protect", "wish", "scald", "roar"], "ability": "Water Absorb", "evs": {"hp": 85, "atk": 0, "def": 85, "spa": 85, "spd": 85, "spe": 85}, "ivs": {"hp": 31, "atk": 0, "def": 31, "spa": 31, "spd": 31, "spe": 31}, "item": "Leftovers", "teraType": "Poison", "role": "Bulky Attacker", "bvs": {"hp": 130, "atk": 65, "def": 60, "spa": 110, "spd": 95, "spe": 65}, "stats": {"hp": 364, "atk": 116, "def": 152, "spa": 238, "spd": 213, "spe": 161}, "types": ["Water"]}, "Drifblim": {"name": "Drifblim", "species": "Drifblim", "speciesId": "drifblim", "gender": "M", "shiny": false, "level": 86, "moves": ["airslash", "strengthsap", "shadowball", "defog"], "ability": "Aftermath", "evs": {"hp": 85, "atk": 0, "def": 85, "spa": 85, "spd": 85, "spe": 85}, "ivs": {"hp": 31, "atk": 0, "def": 31, "spa": 31, "spd": 31, "spe": 31}, "item": "Heavy-Duty Boots", "teraType": "Steel", "role": "Bulky Attacker", "bvs": {"hp": 150, "atk": 80, "def": 44, "spa": 90, "spd": 54, "spe": 80}, "stats": {"hp": 398, "atk": 142, "def": 125, "spa": 204, "spd": 142, "spe": 187}, "types": ["Ghost", "Flying"]}}]}