{"id": "gen9randombattle-2641715197", "format": "[Gen 9] Random Battle", "players": ["unioll", "RatedRK9"], "log": "|j|\u2606unioll\n|j|\u2606RatedRK9\n|t:|1782833270\n|gametype|singles\n|player|p1|unioll|265|2031\n|player|p2|RatedRK9|266|2017\n|gen|9\n|tier|[Gen 9] Random Battle\n|rated|\n|rule|Species Clause: Limit one of each Pok\u00e9mon\n|rule|HP Percentage Mod: HP is shown in percentages\n|rule|Sleep Clause Mod: Limit one foe put to sleep\n|rule|Illusion Level Mod: Illusion disguises the Pok\u00e9mon's true level\n|\n|t:|1782833270\n|teamsize|p1|6\n|teamsize|p2|6\n|start\n|switch|p1a: Crawdaunt|Crawdaunt, L84, M|243/243\n|switch|p2a: Gastrodon|Gastrodon-East, L86, M|331/331\n|turn|1\n|inactive|Battle timer is ON: inactive players will automatically lose when time's up. (requested by unioll)\n|inactive|unioll has 120 seconds left.\n|inactive|RatedRK9 has 120 seconds left.\n|\n|t:|1782833331\n|move|p1a: Crawdaunt|Dragon Dance|p1a: Crawdaunt\n|-boost|p1a: Crawdaunt|atk|1\n|-boost|p1a: Crawdaunt|spe|1\n|move|p2a: Gastrodon|Clear Smog|p1a: Crawdaunt\n|-damage|p1a: Crawdaunt|197/243\n|-clearboost|p1a: Crawdaunt\n|\n|upkeep\n|turn|2\n|\n|t:|1782833344\n|move|p1a: Crawdaunt|Knock Off|p2a: Gastrodon\n|-damage|p2a: Gastrodon|74/331\n|-enditem|p2a: Gastrodon|Leftovers|[from] move: Knock Off|[of] p1a: Crawdaunt\n|-damage|p1a: Crawdaunt|173/243|[from] item: Life Orb\n|move|p2a: Gastrodon|Recover|p2a: Gastrodon\n|-heal|p2a: Gastrodon|240/331\n|\n|upkeep\n|turn|3\n|\n|t:|1782833354\n|move|p1a: Crawdaunt|Dragon Dance|p1a: Crawdaunt\n|-boost|p1a: Crawdaunt|atk|1\n|-boost|p1a: Crawdaunt|spe|1\n|move|p2a: Gastrodon|Clear Smog|p1a: Crawdaunt\n|-damage|p1a: Crawdaunt|124/243\n|-clearboost|p1a: Crawdaunt\n|\n|upkeep\n|turn|4\n|\n|t:|1782833362\n|move|p1a: Crawdaunt|Knock Off|p2a: Gastrodon\n|-damage|p2a: Gastrodon|76/331\n|-damage|p1a: Crawdaunt|100/243|[from] item: Life Orb\n|move|p2a: Gastrodon|Recover|p2a: Gastrodon\n|-heal|p2a: Gastrodon|242/331\n|\n|upkeep\n|turn|5\n|\n|t:|1782833369\n|move|p1a: Crawdaunt|Knock Off|p2a: Gastrodon\n|-damage|p2a: Gastrodon|70/331\n|-damage|p1a: Crawdaunt|76/243|[from] item: Life Orb\n|move|p2a: Gastrodon|Earthquake|p1a: Crawdaunt\n|-damage|p1a: Crawdaunt|0 fnt\n|faint|p1a: Crawdaunt\n|\n|upkeep\n|\n|t:|1782833379\n|switch|p1a: Arboliva|Arboliva, L91, M|288/288\n|turn|6\n|\n|t:|1782833401\n|switch|p2a: Venusaur|Venusaur, L84, M|272/272\n|move|p1a: Arboliva|Hyper Voice|p2a: Venusaur\n|-damage|p2a: Venusaur|140/272\n|\n|-heal|p2a: Venusaur|157/272|[from] item: Leftovers\n|upkeep\n|turn|7\n|\n|t:|1782833410\n|move|p2a: Venusaur|Synthesis|p2a: Venusaur\n|-heal|p2a: Venusaur|272/272\n|move|p1a: Arboliva|Hyper Voice|p2a: Venusaur\n|-damage|p2a: Venusaur|157/272\n|\n|-heal|p2a: Venusaur|174/272|[from] item: Leftovers\n|upkeep\n|turn|8\n|\n|t:|1782833419\n|switch|p1a: Solgaleo|Solgaleo, L74|325/325\n|move|p2a: Venusaur|Sludge Bomb|p1a: Solgaleo\n|-immune|p1a: Solgaleo\n|\n|-heal|p2a: Venusaur|191/272|[from] item: Leftovers\n|upkeep\n|turn|9\n|\n|t:|1782833442\n|move|p1a: Solgaleo|Sunsteel Strike|p2a: Venusaur\n|-damage|p2a: Venusaur|82/272\n|move|p2a: Venusaur|Sleep Powder|p1a: Solgaleo\n|-status|p1a: Solgaleo|slp|[from] move: Sleep Powder\n|\n|-heal|p2a: Venusaur|99/272|[from] item: Leftovers\n|upkeep\n|turn|10\n|\n|t:|1782833450\n|cant|p1a: Solgaleo|slp\n|move|p2a: Venusaur|Synthesis|p2a: Venusaur\n|-heal|p2a: Venusaur|235/272\n|\n|-heal|p2a: Venusaur|252/272|[from] item: Leftovers\n|upkeep\n|turn|11\n|inactive|RatedRK9 has 120 seconds left.\n|\n|t:|1782833486\n|switch|p2a: Eiscue|Eiscue, L88, F|274/274\n|-curestatus|p1a: Solgaleo|slp|[msg]\n|move|p1a: Solgaleo|Sunsteel Strike|p2a: Eiscue\n|-supereffective|p2a: Eiscue\n|-damage|p2a: Eiscue|88/274\n|-enditem|p2a: Eiscue|Sitrus Berry|[eat]\n|-heal|p2a: Eiscue|156/274|[from] item: Sitrus Berry\n|\n|upkeep\n|turn|12\n|\n|t:|1782833502\n|switch|p2a: Gastrodon|Gastrodon-East, L86, M|70/331\n|move|p1a: Solgaleo|Sunsteel Strike|p2a: Gastrodon\n|-resisted|p2a: Gastrodon\n|-damage|p2a: Gastrodon|5/331\n|\n|upkeep\n|turn|13\n|\n|t:|1782833510\n|move|p1a: Solgaleo|Psychic Fangs|p2a: Gastrodon\n|-damage|p2a: Gastrodon|0 fnt\n|faint|p2a: Gastrodon\n|\n|upkeep\n|inactive|RatedRK9 has 90 seconds left.\n|inactive|RatedRK9 has 60 seconds left.\n|\n|t:|1782833589\n|switch|p2a: Iron Bundle|Iron Bundle, L78|215/215\n|turn|14\n|\n|t:|1782833598\n|-terastallize|p2a: Iron Bundle|Water\n|move|p2a: Iron Bundle|Hydro Pump|p1a: Solgaleo\n|-damage|p1a: Solgaleo|153/325\n|move|p1a: Solgaleo|Sunsteel Strike|p2a: Iron Bundle\n|-resisted|p2a: Iron Bundle\n|-crit|p2a: Iron Bundle\n|-damage|p2a: Iron Bundle|140/215\n|\n|-heal|p1a: Solgaleo|173/325|[from] item: Leftovers\n|upkeep\n|turn|15\n|inactive|RatedRK9 has 60 seconds left.\n|\n|t:|1782833619\n|switch|p1a: Arboliva|Arboliva, L91, M|288/288\n|move|p2a: Iron Bundle|Hydro Pump|p1a: Arboliva\n|-resisted|p1a: Arboliva\n|-damage|p1a: Arboliva|227/288\n|\n|upkeep\n|turn|16\n|\n|t:|1782833627\n|-end|p2a: Iron Bundle|Quark Drive|[silent]\n|switch|p2a: Venusaur|Venusaur, L84, M|252/272\n|move|p1a: Arboliva|Hyper Voice|p2a: Venusaur\n|-damage|p2a: Venusaur|135/272\n|\n|-heal|p2a: Venusaur|152/272|[from] item: Leftovers\n|upkeep\n|turn|17\n|\n|t:|1782833637\n|switch|p1a: Solgaleo|Solgaleo, L74|173/325\n|move|p2a: Venusaur|Synthesis|p2a: Venusaur\n|-heal|p2a: Venusaur|272/272\n|\n|-heal|p1a: Solgaleo|193/325|[from] item: Leftovers\n|upkeep\n|turn|18\n|\n|t:|1782833644\n|move|p1a: Solgaleo|Psychic Fangs|p2a: Venusaur\n|-supereffective|p2a: Venusaur\n|-damage|p2a: Venusaur|96/272\n|move|p2a: Venusaur|Sleep Powder|p1a: Solgaleo\n|-status|p1a: Solgaleo|slp|[from] move: Sleep Powder\n|\n|-heal|p1a: Solgaleo|213/325 slp|[from] item: Leftovers\n|-heal|p2a: Venusaur|113/272|[from] item: Leftovers\n|upkeep\n|turn|19\n|\n|t:|1782833651\n|switch|p2a: Iron Bundle|Iron Bundle, L78, tera:Water|140/215\n|cant|p1a: Solgaleo|slp\n|\n|-heal|p1a: Solgaleo|233/325 slp|[from] item: Leftovers\n|upkeep\n|turn|20\n|\n|t:|1782833660\n|move|p2a: Iron Bundle|Hydro Pump|p1a: Solgaleo\n|-damage|p1a: Solgaleo|37/325 slp\n|-curestatus|p1a: Solgaleo|slp|[msg]\n|move|p1a: Solgaleo|Psychic Fangs|p2a: Iron Bundle\n|-damage|p2a: Iron Bundle|56/215\n|\n|-heal|p1a: Solgaleo|57/325|[from] item: Leftovers\n|upkeep\n|turn|21\n|\n|t:|1782833669\n|switch|p1a: Arboliva|Arboliva, L91, M|227/288\n|move|p2a: Iron Bundle|Hydro Pump|p1a: Arboliva\n|-resisted|p1a: Arboliva\n|-damage|p1a: Arboliva|160/288\n|\n|upkeep\n|turn|22\n|\n|t:|1782833677\n|-end|p2a: Iron Bundle|Quark Drive|[silent]\n|switch|p2a: Eiscue|Eiscue, L88, F|156/274\n|move|p1a: Arboliva|Hyper Voice|p2a: Eiscue\n|-damage|p2a: Eiscue|30/274\n|\n|upkeep\n|turn|23\n|\n|t:|1782833688\n|move|p2a: Eiscue|Ice Spinner|p1a: Arboliva\n|-supereffective|p1a: Arboliva\n|-damage|p1a: Arboliva|16/288\n|-enditem|p1a: Arboliva|Sitrus Berry|[eat]\n|-heal|p1a: Arboliva|88/288|[from] item: Sitrus Berry\n|move|p1a: Arboliva|Hyper Voice|p2a: Eiscue\n|-damage|p2a: Eiscue|0 fnt\n|faint|p2a: Eiscue\n|\n|upkeep\n|inactive|RatedRK9 has 120 seconds left.\n|\n|t:|1782833695\n|switch|p2a: Iron Bundle|Iron Bundle, L78, tera:Water|56/215\n|turn|24\n|\n|t:|1782833701\n|move|p1a: Arboliva|Protect|p1a: Arboliva\n|-singleturn|p1a: Arboliva|Protect\n|move|p2a: Iron Bundle|Ice Beam|p1a: Arboliva\n|-activate|p1a: Arboliva|move: Protect\n|\n|-item|p1a: Arboliva|Sitrus Berry|[from] ability: Harvest\n|upkeep\n|-enditem|p1a: Arboliva|Sitrus Berry|[eat]\n|-heal|p1a: Arboliva|160/288|[from] item: Sitrus Berry\n|turn|25\n|inactive|unioll has 120 seconds left.\n|\n|t:|1782833752\n|move|p2a: Iron Bundle|Encore|p1a: Arboliva\n|-start|p1a: Arboliva|Encore\n|move|p1a: Arboliva|Protect||[still]\n|-fail|p1a: Arboliva\n|\n|upkeep\n|turn|26\n|\n|t:|1782833760\n|switch|p1a: Solgaleo|Solgaleo, L74|57/325\n|move|p2a: Iron Bundle|Freeze-Dry|p1a: Solgaleo\n|-resisted|p1a: Solgaleo\n|-damage|p1a: Solgaleo|10/325\n|\n|-heal|p1a: Solgaleo|30/325|[from] item: Leftovers\n|upkeep\n|turn|27\n|\n|t:|1782833770\n|move|p2a: Iron Bundle|Ice Beam|p1a: Solgaleo\n|-resisted|p1a: Solgaleo\n|-damage|p1a: Solgaleo|0 fnt\n|faint|p1a: Solgaleo\n|\n|upkeep\n|\n|t:|1782833775\n|switch|p1a: Jumpluff|Jumpluff, L87, F|271/271\n|turn|28\n|\n|t:|1782833782\n|-end|p2a: Iron Bundle|Quark Drive|[silent]\n|switch|p2a: Girafarig|Girafarig, L89, F|269/269\n|move|p1a: Jumpluff|Acrobatics|p2a: Girafarig\n|-damage|p2a: Girafarig|209/269\n|\n|upkeep\n|turn|29\n|inactive|unioll has 120 seconds left.\n|\n|t:|1782833818\n|switch|p1a: Ho-Oh|Ho-Oh, L71|268/268\n|move|p2a: Girafarig|Nasty Plot|p2a: Girafarig\n|-boost|p2a: Girafarig|spa|2\n|\n|upkeep\n|turn|30\n|\n|t:|1782833827\n|move|p2a: Girafarig|Psychic|p1a: Ho-Oh\n|-damage|p1a: Ho-Oh|120/268\n|move|p1a: Ho-Oh|Sacred Fire|p2a: Girafarig\n|-damage|p2a: Girafarig|133/269\n|-status|p2a: Girafarig|brn\n|\n|-damage|p2a: Girafarig|117/269 brn|[from] brn\n|upkeep\n|turn|31\n|inactive|unioll has 90 seconds left.\n|\n|t:|1782833848\n|switch|p1a: Wyrdeer|Wyrdeer, L87, F|321/321\n|-ability|p1a: Wyrdeer|Intimidate|boost\n|-unboost|p2a: Girafarig|atk|1\n|move|p2a: Girafarig|Psychic|p1a: Wyrdeer\n|-resisted|p1a: Wyrdeer\n|-damage|p1a: Wyrdeer|204/321\n|\n|-heal|p1a: Wyrdeer|224/321|[from] item: Leftovers\n|-damage|p2a: Girafarig|101/269 brn|[from] brn\n|upkeep\n|turn|32\n|inactive|unioll has 90 seconds left.\n|\n|t:|1782833860\n|move|p2a: Girafarig|Thunderbolt|p1a: Wyrdeer\n|-damage|p1a: Wyrdeer|87/321\n|move|p1a: Wyrdeer|Body Slam|p2a: Girafarig\n|-damage|p2a: Girafarig|17/269 brn\n|\n|-heal|p1a: Wyrdeer|107/321|[from] item: Leftovers\n|-damage|p2a: Girafarig|1/269 brn|[from] brn\n|upkeep\n|turn|33\n|\n|t:|1782833869\n|move|p2a: Girafarig|Thunderbolt|p1a: Wyrdeer\n|-damage|p1a: Wyrdeer|0 fnt\n|faint|p1a: Wyrdeer\n|\n|-damage|p2a: Girafarig|0 fnt|[from] brn\n|faint|p2a: Girafarig\n|upkeep\n|inactive|RatedRK9 has 120 seconds left.\n|\n|t:|1782833901\n|switch|p2a: Venusaur|Venusaur, L84, M|113/272\n|switch|p1a: Jumpluff|Jumpluff, L87, F|271/271\n|turn|34\n|inactive|RatedRK9 has 120 seconds left.\n|\n|t:|1782833912\n|move|p1a: Jumpluff|Acrobatics|p2a: Venusaur\n|-supereffective|p2a: Venusaur\n|-damage|p2a: Venusaur|0 fnt\n|faint|p2a: Venusaur\n|\n|upkeep\n|\n|t:|1782833916\n|switch|p2a: Latios|Latios, L78, M|253/253\n|turn|35\n|\n|t:|1782833921\n|move|p1a: Jumpluff|Sleep Powder|p2a: Latios\n|-status|p2a: Latios|slp|[from] move: Sleep Powder\n|cant|p2a: Latios|slp\n|\n|upkeep\n|turn|36\n|inactive|unioll has 120 seconds left.\n|\n|t:|1782833934\n|switch|p1a: Arboliva|Arboliva, L91, M|160/288\n|cant|p2a: Latios|slp\n|\n|upkeep\n|turn|37\n|inactive|unioll has 120 seconds left.\n|\n|t:|1782833956\n|-curestatus|p2a: Latios|slp|[msg]\n|move|p2a: Latios|Luster Purge|p1a: Arboliva\n|-damage|p1a: Arboliva|52/288\n|move|p1a: Arboliva|Substitute|p1a: Arboliva\n|-fail|p1a: Arboliva|move: Substitute|[weak]\n|\n|upkeep\n|turn|38\n|\n|t:|1782833965\n|move|p1a: Arboliva|Protect|p1a: Arboliva\n|-singleturn|p1a: Arboliva|Protect\n|move|p2a: Latios|Luster Purge|p1a: Arboliva\n|-activate|p1a: Arboliva|move: Protect\n|\n|-item|p1a: Arboliva|Sitrus Berry|[from] ability: Harvest\n|upkeep\n|-enditem|p1a: Arboliva|Sitrus Berry|[eat]\n|-heal|p1a: Arboliva|124/288|[from] item: Sitrus Berry\n|turn|39\n|\n|t:|1782833974\n|move|p2a: Latios|Draco Meteor|p1a: Arboliva\n|-damage|p1a: Arboliva|0 fnt\n|-unboost|p2a: Latios|spa|2\n|faint|p1a: Arboliva\n|\n|upkeep\n|\n|t:|1782833982\n|switch|p1a: Jumpluff|Jumpluff, L87, F|271/271\n|turn|40\n|\n|t:|1782833992\n|move|p1a: Jumpluff|Sleep Powder|p2a: Latios|[miss]\n|-miss|p1a: Jumpluff|p2a: Latios\n|move|p2a: Latios|Luster Purge|p1a: Jumpluff\n|-damage|p1a: Jumpluff|211/271\n|\n|upkeep\n|turn|41\n|\n|t:|1782834007\n|switch|p2a: Iron Bundle|Iron Bundle, L78, tera:Water|56/215\n|move|p1a: Jumpluff|Sleep Powder|p2a: Iron Bundle\n|-status|p2a: Iron Bundle|slp|[from] move: Sleep Powder\n|\n|upkeep\n|turn|42\n|\n|t:|1782834017\n|switch|p1a: Ho-Oh|Ho-Oh, L71|209/268\n|cant|p2a: Iron Bundle|slp\n|\n|upkeep\n|turn|43\n|\n|t:|1782834025\n|-end|p2a: Iron Bundle|Quark Drive|[silent]\n|switch|p2a: Latios|Latios, L78, M|253/253\n|move|p1a: Ho-Oh|Brave Bird|p2a: Latios\n|-damage|p2a: Latios|114/253\n|-damage|p1a: Ho-Oh|163/268|[from] Recoil\n|\n|upkeep\n|turn|44\n|\n|t:|1782834032\n|move|p2a: Latios|Recover|p2a: Latios\n|-heal|p2a: Latios|241/253\n|move|p1a: Ho-Oh|Sacred Fire|p2a: Latios\n|-resisted|p2a: Latios\n|-damage|p2a: Latios|187/253\n|\n|upkeep\n|turn|45\n|\n|t:|1782834041\n|move|p2a: Latios|Luster Purge|p1a: Ho-Oh\n|-crit|p1a: Ho-Oh\n|-damage|p1a: Ho-Oh|9/268\n|move|p1a: Ho-Oh|Recover|p1a: Ho-Oh\n|-heal|p1a: Ho-Oh|143/268\n|\n|upkeep\n|turn|46\n|\n|t:|1782834053\n|move|p2a: Latios|Luster Purge|p1a: Ho-Oh\n|-damage|p1a: Ho-Oh|44/268\n|move|p1a: Ho-Oh|Recover|p1a: Ho-Oh\n|-heal|p1a: Ho-Oh|178/268\n|\n|upkeep\n|turn|47\n|\n|t:|1782834078\n|move|p2a: Latios|Luster Purge|p1a: Ho-Oh\n|-damage|p1a: Ho-Oh|78/268\n|move|p1a: Ho-Oh|Sacred Fire|p2a: Latios|[miss]\n|-miss|p1a: Ho-Oh|p2a: Latios\n|\n|upkeep\n|turn|48\n|\n|t:|1782834088\n|switch|p1a: Jumpluff|Jumpluff, L87, F|211/271\n|move|p2a: Latios|Luster Purge|p1a: Jumpluff\n|-damage|p1a: Jumpluff|84/271\n|-unboost|p1a: Jumpluff|spd|1\n|\n|upkeep\n|turn|49\n|\n|t:|1782834097\n|switch|p1a: Ho-Oh|Ho-Oh, L71|167/268\n|move|p2a: Latios|Luster Purge|p1a: Ho-Oh\n|-damage|p1a: Ho-Oh|61/268\n|-unboost|p1a: Ho-Oh|spd|1\n|\n|upkeep\n|turn|50\n|\n|t:|1782834110\n|switch|p1a: Jumpluff|Jumpluff, L87, F|84/271\n|move|p2a: Latios|Draco Meteor|p1a: Jumpluff\n|-damage|p1a: Jumpluff|0 fnt\n|-unboost|p2a: Latios|spa|2\n|faint|p1a: Jumpluff\n|\n|upkeep\n|\n|t:|1782834117\n|switch|p1a: Ho-Oh|Ho-Oh, L71|150/268\n|turn|51\n|\n|t:|1782834140\n|move|p2a: Latios|Draco Meteor|p1a: Ho-Oh\n|-damage|p1a: Ho-Oh|84/268\n|-unboost|p2a: Latios|spa|2\n|move|p1a: Ho-Oh|Sacred Fire|p2a: Latios\n|-resisted|p2a: Latios\n|-damage|p2a: Latios|136/253\n|\n|upkeep\n|turn|52\n|\n|t:|1782834148\n|move|p2a: Latios|Recover|p2a: Latios\n|-heal|p2a: Latios|253/253\n|move|p1a: Ho-Oh|Recover|p1a: Ho-Oh\n|-heal|p1a: Ho-Oh|218/268\n|\n|upkeep\n|turn|53\n|\n|t:|1782834154\n|move|p2a: Latios|Aura Sphere|p1a: Ho-Oh\n|-resisted|p1a: Ho-Oh\n|-damage|p1a: Ho-Oh|210/268\n|move|p1a: Ho-Oh|Sacred Fire|p2a: Latios\n|-resisted|p2a: Latios\n|-damage|p2a: Latios|193/253\n|-status|p2a: Latios|brn\n|\n|-damage|p2a: Latios|178/253 brn|[from] brn\n|upkeep\n|turn|54\n|\n|t:|1782834170\n|move|p2a: Latios|Aura Sphere|p1a: Ho-Oh\n|-resisted|p1a: Ho-Oh\n|-damage|p1a: Ho-Oh|203/268\n|move|p1a: Ho-Oh|Sacred Fire|p2a: Latios\n|-resisted|p2a: Latios\n|-damage|p2a: Latios|124/253 brn\n|\n|-damage|p2a: Latios|109/253 brn|[from] brn\n|upkeep\n|turn|55\n|\n|t:|1782834181\n|move|p2a: Latios|Recover|p2a: Latios\n|-heal|p2a: Latios|236/253 brn\n|move|p1a: Ho-Oh|Earthquake|p2a: Latios\n|-immune|p2a: Latios|[from] ability: Levitate\n|\n|-damage|p2a: Latios|221/253 brn|[from] brn\n|upkeep\n|turn|56\n|l|\u2606unioll\n|inactive|unioll disconnected and has a minute to reconnect!\n|player|p1|\n|inactive|unioll has 30 seconds to reconnect!\n|j|\u2606unioll\n|inactive|unioll reconnected and has 95 seconds left.\n|player|p1|unioll|265|\n|\n|t:|1782834236\n|move|p2a: Latios|Aura Sphere|p1a: Ho-Oh\n|-resisted|p1a: Ho-Oh\n|-damage|p1a: Ho-Oh|195/268\n|move|p1a: Ho-Oh|Earthquake|p2a: Latios\n|-immune|p2a: Latios|[from] ability: Levitate\n|\n|-damage|p2a: Latios|206/253 brn|[from] brn\n|upkeep\n|turn|57\n|\n|t:|1782834246\n|move|p2a: Latios|Aura Sphere|p1a: Ho-Oh\n|-resisted|p1a: Ho-Oh\n|-damage|p1a: Ho-Oh|187/268\n|move|p1a: Ho-Oh|Earthquake|p2a: Latios\n|-immune|p2a: Latios|[from] ability: Levitate\n|\n|-damage|p2a: Latios|191/253 brn|[from] brn\n|upkeep\n|turn|58\n|\n|t:|1782834255\n|move|p2a: Latios|Draco Meteor|p1a: Ho-Oh\n|-damage|p1a: Ho-Oh|144/268\n|-unboost|p2a: Latios|spa|2\n|move|p1a: Ho-Oh|Earthquake|p2a: Latios\n|-immune|p2a: Latios|[from] ability: Levitate\n|\n|-damage|p2a: Latios|176/253 brn|[from] brn\n|upkeep\n|turn|59\n|\n|t:|1782834265\n|move|p2a: Latios|Draco Meteor|p1a: Ho-Oh\n|-damage|p1a: Ho-Oh|110/268\n|move|p1a: Ho-Oh|Recover|p1a: Ho-Oh\n|-heal|p1a: Ho-Oh|244/268\n|\n|-damage|p2a: Latios|161/253 brn|[from] brn\n|upkeep\n|turn|60\n|\n|t:|1782834274\n|move|p2a: Latios|Aura Sphere|p1a: Ho-Oh\n|-resisted|p1a: Ho-Oh\n|-damage|p1a: Ho-Oh|237/268\n|move|p1a: Ho-Oh|Earthquake|p2a: Latios\n|-immune|p2a: Latios|[from] ability: Levitate\n|\n|-damage|p2a: Latios|146/253 brn|[from] brn\n|upkeep\n|turn|61\n|\n|t:|1782834282\n|move|p2a: Latios|Aura Sphere|p1a: Ho-Oh\n|-resisted|p1a: Ho-Oh\n|-damage|p1a: Ho-Oh|231/268\n|move|p1a: Ho-Oh|Earthquake|p2a: Latios\n|-immune|p2a: Latios|[from] ability: Levitate\n|\n|-damage|p2a: Latios|131/253 brn|[from] brn\n|upkeep\n|turn|62\n|inactive|unioll has 120 seconds left.\n|\n|t:|1782834291\n|move|p2a: Latios|Aura Sphere|p1a: Ho-Oh\n|-resisted|p1a: Ho-Oh\n|-damage|p1a: Ho-Oh|225/268\n|move|p1a: Ho-Oh|Brave Bird|p2a: Latios\n|-damage|p2a: Latios|5/253 brn\n|-damage|p1a: Ho-Oh|183/268|[from] Recoil\n|\n|-damage|p2a: Latios|0 fnt|[from] brn\n|faint|p2a: Latios\n|upkeep\n|\n|t:|1782834294\n|switch|p2a: Iron Bundle|Iron Bundle, L78, tera:Water|56/215 slp\n|turn|63\n|c|\u2606RatedRK9|whatever happens\n|\n|t:|1782834304\n|-terastallize|p1a: Ho-Oh|Steel\n|-curestatus|p2a: Iron Bundle|slp|[msg]\n|move|p2a: Iron Bundle|Hydro Pump|p1a: Ho-Oh|[miss]\n|-miss|p2a: Iron Bundle|p1a: Ho-Oh\n|move|p1a: Ho-Oh|Brave Bird|p2a: Iron Bundle\n|-damage|p2a: Iron Bundle|0 fnt\n|faint|p2a: Iron Bundle\n|-end|p2a: Iron Bundle|Quark Drive|[silent]\n|-damage|p1a: Ho-Oh|165/268|[from] Recoil\n|\n|win|unioll\n", "inputlog": ">version f8ac14003a5f27e1bdc8d8c59608a773c1cb96e5\n>start {\"formatid\":\"gen9randombattle\",\"seed\":\"sodium,de88293f00d5e38a051a774ee48d2958\",\"rated\":\"Rated battle\"}\n>player p1 {\"name\":\"unioll\",\"avatar\":\"265\",\"rating\":2031,\"seed\":\"sodium,202e30069ebe829fcc35fdd1f565db29\"}\n>player p2 {\"name\":\"RatedRK9\",\"avatar\":\"266\",\"rating\":2017,\"seed\":\"sodium,c633261768b74e85e560ddf843a8ab58\"}\n>p1 move dragondance\n>p2 move clearsmog\n>p1 move knockoff\n>p2 move recover\n>p1 move dragondance\n>p2 move clearsmog\n>p1 move knockoff\n>p2 move recover\n>p1 move knockoff\n>p2 move earthquake\n>p1 switch 2\n>p1 move hypervoice\n>p2 switch 3\n>p1 move hypervoice\n>p2 move synthesis\n>p1 switch 5\n>p2 move sludgebomb\n>p1 move sunsteelstrike\n>p2 move sleeppowder\n>p1 move sunsteelstrike\n>p2 move synthesis\n>p1 move sunsteelstrike\n>p2 switch 4\n>p1 move sunsteelstrike\n>p2 switch 3\n>p1 move psychicfangs\n>p2 move earthquake\n>p2 switch 2\n>p1 move sunsteelstrike\n>p2 move hydropump terastallize\n>p1 switch 5\n>p2 move hydropump\n>p1 move hypervoice\n>p2 switch 4\n>p1 switch 5\n>p2 move synthesis\n>p1 move psychicfangs\n>p2 move sleeppowder\n>p1 move psychicfangs\n>p2 switch 4\n>p1 move psychicfangs\n>p2 move hydropump\n>p1 switch 5\n>p2 move hydropump\n>p1 move hypervoice\n>p2 switch 3\n>p1 move hypervoice\n>p2 move icespinner\n>p2 switch 3\n>p1 move protect\n>p2 move icebeam\n>p1 move hypervoice\n>p2 move encore\n>p1 switch 5\n>p2 move freezedry\n>p1 move morningsun\n>p2 move icebeam\n>p1 switch 3\n>p1 move acrobatics\n>p2 switch 6\n>p1 switch 4\n>p2 move nastyplot\n>p1 move sacredfire\n>p2 move psychic\n>p1 switch 6\n>p2 move psychic\n>p1 move bodyslam\n>p2 move thunderbolt\n>p1 move bodyslam\n>p2 move thunderbolt\n>p1 switch 4\n>p2 switch 4\n>p1 move acrobatics\n>p2 move sludgebomb\n>p2 switch 5\n>p1 move sleeppowder\n>p2 move lusterpurge\n>p1 switch 5\n>p2 move lusterpurge\n>p1 move substitute\n>p2 move lusterpurge\n>p1 move protect\n>p2 move lusterpurge\n>p1 move leechseed\n>p2 move dracometeor\n>p1 switch 5\n>p1 move sleeppowder\n>p2 move lusterpurge\n>p1 move sleeppowder\n>p2 switch 6\n>p1 switch 6\n>p2 move freezedry\n>p1 move bravebird\n>p2 switch 6\n>p1 move sacredfire\n>p2 move recover\n>p1 move recover\n>p2 move lusterpurge\n>p1 move recover\n>p2 move lusterpurge\n>p1 move sacredfire\n>p2 move lusterpurge\n>p1 switch 6\n>p2 move lusterpurge\n>p1 switch 6\n>p2 move lusterpurge\n>p1 switch 6\n>p2 move dracometeor\n>p1 switch 6\n>p1 move sacredfire\n>p2 move dracometeor\n>p1 move recover\n>p2 move recover\n>p1 move sacredfire\n>p2 move aurasphere\n>p1 move sacredfire\n>p2 move aurasphere\n>p1 move earthquake\n>p2 move recover\n>p1 move earthquake\n>p2 move aurasphere\n>p1 move earthquake\n>p2 move aurasphere\n>p1 move earthquake\n>p2 move dracometeor\n>p1 move recover\n>p2 move dracometeor\n>p1 move earthquake\n>p2 move aurasphere\n>p1 move earthquake\n>p2 move aurasphere\n>p1 move bravebird\n>p2 move aurasphere\n>p2 switch 6\n>p1 move bravebird terastallize\n>p2 move hydropump", "uploadtime": 1782833273, "views": 7, "formatid": "gen9randombattle", "rating": null, "private": 0, "password": null, "player_dets": [{"name": "unioll", "avatar": "265", "rating": 2031, "seed": "sodium,202e30069ebe829fcc35fdd1f565db29"}, {"name": "RatedRK9", "avatar": "266", "rating": 2017, "seed": "sodium,c633261768b74e85e560ddf843a8ab58"}], "teams_full": [{"Crawdaunt": {"name": "Crawdaunt", "species": "Crawdaunt", "speciesId": "crawdaunt", "gender": "M", "shiny": false, "level": 84, "moves": ["knockoff", "dragondance", "crabhammer", "closecombat"], "ability": "Adaptability", "evs": {"hp": 85, "atk": 85, "def": 85, "spa": 85, "spd": 85, "spe": 85}, "ivs": {"hp": 31, "atk": 31, "def": 31, "spa": 31, "spd": 31, "spe": 31}, "item": "Life Orb", "teraType": "Fighting", "role": "Fast Attacker", "bvs": {"hp": 63, "atk": 120, "def": 85, "spa": 90, "spd": 55, "spe": 55}, "stats": {"hp": 243, "atk": 250, "def": 191, "spa": 199, "spd": 141, "spe": 141}, "types": ["Water", "Dark"]}, "Arboliva": {"name": "Arboliva", "species": "Arboliva", "speciesId": "arboliva", "gender": "M", "shiny": false, "level": 91, "moves": ["leechseed", "hypervoice", "protect", "substitute"], "ability": "Harvest", "evs": {"hp": 77, "atk": 0, "def": 85, "spa": 85, "spd": 85, "spe": 85}, "ivs": {"hp": 31, "atk": 0, "def": 31, "spa": 31, "spd": 31, "spe": 31}, "item": "Sitrus Berry", "teraType": "Water", "role": "Bulky Support", "bvs": {"hp": 78, "atk": 69, "def": 90, "spa": 125, "spd": 109, "spe": 39}, "stats": {"hp": 288, "atk": 130, "def": 216, "spa": 279, "spd": 250, "spe": 123}, "types": ["Grass", "Normal"]}, "Jumpluff": {"name": "Jumpluff", "species": "Jumpluff", "speciesId": "jumpluff", "gender": "F", "shiny": false, "level": 87, "moves": ["strengthsap", "acrobatics", "sleeppowder", "encore"], "ability": "Infiltrator", "evs": {"hp": 81, "atk": 85, "def": 85, "spa": 85, "spd": 85, "spe": 85}, "ivs": {"hp": 31, "atk": 31, "def": 31, "spa": 31, "spd": 31, "spe": 31}, "item": "", "teraType": "Steel", "role": "Bulky Attacker", "bvs": {"hp": 75, "atk": 55, "def": 70, "spa": 55, "spd": 95, "spe": 110}, "stats": {"hp": 271, "atk": 145, "def": 172, "spa": 145, "spd": 215, "spe": 241}, "types": ["Grass", "Flying"]}, "Ho-Oh": {"name": "Ho-Oh", "species": "Ho-Oh", "speciesId": "hooh", "gender": "N", "shiny": false, "level": 71, "moves": ["bravebird", "earthquake", "sacredfire", "recover"], "ability": "Regenerator", "evs": {"hp": 85, "atk": 85, "def": 85, "spa": 85, "spd": 85, "spe": 85}, "ivs": {"hp": 31, "atk": 31, "def": 31, "spa": 31, "spd": 31, "spe": 31}, "item": "Heavy-Duty Boots", "teraType": "Steel", "role": "Bulky Attacker", "bvs": {"hp": 106, "atk": 130, "def": 90, "spa": 110, "spd": 154, "spe": 90}, "stats": {"hp": 268, "atk": 226, "def": 169, "spa": 198, "spd": 260, "spe": 169}, "types": ["Fire", "Flying"]}, "Solgaleo": {"name": "Solgaleo", "species": "Solgaleo", "speciesId": "solgaleo", "gender": "N", "shiny": false, "level": 74, "moves": ["morningsun", "psychicfangs", "roar", "sunsteelstrike"], "ability": "Full Metal Body", "evs": {"hp": 85, "atk": 85, "def": 85, "spa": 85, "spd": 85, "spe": 85}, "ivs": {"hp": 31, "atk": 31, "def": 31, "spa": 31, "spd": 31, "spe": 31}, "item": "Leftovers", "teraType": "Water", "role": "Bulky Attacker", "bvs": {"hp": 137, "atk": 137, "def": 107, "spa": 113, "spd": 89, "spe": 97}, "stats": {"hp": 325, "atk": 246, "def": 201, "spa": 210, "spd": 175, "spe": 187}, "types": ["Psychic", "Steel"]}, "Wyrdeer": {"name": "Wyrdeer", "species": "Wyrdeer", "speciesId": "wyrdeer", "gender": "F", "shiny": false, "level": 87, "moves": ["bodyslam", "psychicnoise", "earthquake", "thunderwave"], "ability": "Intimidate", "evs": {"hp": 85, "atk": 85, "def": 85, "spa": 85, "spd": 85, "spe": 85}, "ivs": {"hp": 31, "atk": 31, "def": 31, "spa": 31, "spd": 31, "spe": 31}, "item": "Leftovers", "teraType": "Ground", "role": "Bulky Attacker", "bvs": {"hp": 103, "atk": 105, "def": 72, "spa": 105, "spd": 75, "spe": 65}, "stats": {"hp": 321, "atk": 232, "def": 175, "spa": 232, "spd": 180, "spe": 163}, "types": ["Normal", "Psychic"]}}, {"Gastrodon": {"name": "Gastrodon", "species": "Gastrodon-East", "speciesId": "gastrodon", "gender": "M", "shiny": false, "level": 86, "moves": ["recover", "icebeam", "earthquake", "clearsmog"], "ability": "Storm Drain", "evs": {"hp": 85, "atk": 85, "def": 85, "spa": 85, "spd": 85, "spe": 85}, "ivs": {"hp": 31, "atk": 31, "def": 31, "spa": 31, "spd": 31, "spe": 31}, "item": "Leftovers", "teraType": "Poison", "role": "Bulky Attacker", "bvs": {"hp": 111, "atk": 83, "def": 68, "spa": 92, "spd": 82, "spe": 39}, "stats": {"hp": 331, "atk": 192, "def": 166, "spa": 207, "spd": 190, "spe": 116}, "types": ["Water", "Ground"]}, "Iron Bundle": {"name": "Iron Bundle", "species": "Iron Bundle", "speciesId": "ironbundle", "gender": "N", "shiny": false, "level": 78, "moves": ["freezedry", "encore", "icebeam", "hydropump"], "ability": "Quark Drive", "evs": {"hp": 85, "atk": 0, "def": 85, "spa": 85, "spd": 85, "spe": 85}, "ivs": {"hp": 31, "atk": 0, "def": 31, "spa": 31, "spd": 31, "spe": 31}, "item": "Heavy-Duty Boots", "teraType": "Water", "role": "Fast Attacker", "bvs": {"hp": 56, "atk": 80, "def": 114, "spa": 124, "spd": 60, "spe": 136}, "stats": {"hp": 215, "atk": 129, "def": 223, "spa": 239, "spd": 139, "spe": 257}, "types": ["Ice", "Water"]}, "Venusaur": {"name": "Venusaur", "species": "Venusaur", "speciesId": "venusaur", "gender": "M", "shiny": false, "level": 84, "moves": ["energyball", "sleeppowder", "synthesis", "sludgebomb"], "ability": "Overgrow", "evs": {"hp": 85, "atk": 0, "def": 85, "spa": 85, "spd": 85, "spe": 85}, "ivs": {"hp": 31, "atk": 0, "def": 31, "spa": 31, "spd": 31, "spe": 31}, "item": "Leftovers", "teraType": "Water", "role": "Bulky Attacker", "bvs": {"hp": 80, "atk": 82, "def": 83, "spa": 100, "spd": 100, "spe": 80}, "stats": {"hp": 272, "atk": 142, "def": 188, "spa": 216, "spd": 216, "spe": 183}, "types": ["Grass", "Poison"]}, "Eiscue": {"name": "Eiscue", "species": "Eiscue", "speciesId": "eiscue", "gender": "F", "shiny": false, "level": 88, "moves": ["terablast", "bellydrum", "liquidation", "icespinner"], "ability": "Ice Face", "evs": {"hp": 81, "atk": 85, "def": 85, "spa": 85, "spd": 85, "spe": 85}, "ivs": {"hp": 31, "atk": 31, "def": 31, "spa": 31, "spd": 31, "spe": 31}, "item": "Sitrus Berry", "teraType": "Ground", "role": "Tera Blast user", "bvs": {"hp": 75, "atk": 80, "def": 110, "spa": 65, "spd": 90, "spe": 50}, "stats": {"hp": 274, "atk": 191, "def": 244, "spa": 165, "spd": 209, "spe": 138}, "types": ["Ice"]}, "Latios": {"name": "Latios", "species": "Latios", "speciesId": "latios", "gender": "M", "shiny": false, "level": 78, "moves": ["recover", "lusterpurge", "aurasphere", "dracometeor"], "ability": "Levitate", "evs": {"hp": 85, "atk": 0, "def": 85, "spa": 85, "spd": 85, "spe": 85}, "ivs": {"hp": 31, "atk": 0, "def": 31, "spa": 31, "spd": 31, "spe": 31}, "item": "Soul Dew", "teraType": "Fighting", "role": "Bulky Attacker", "bvs": {"hp": 80, "atk": 90, "def": 80, "spa": 130, "spd": 110, "spe": 110}, "stats": {"hp": 253, "atk": 145, "def": 170, "spa": 248, "spd": 217, "spe": 217}, "types": ["Dragon", "Psychic"]}, "Girafarig": {"name": "Girafarig", "species": "Girafarig", "speciesId": "girafarig", "gender": "F", "shiny": false, "level": 89, "moves": ["dazzlinggleam", "thunderbolt", "psychic", "nastyplot"], "ability": "Sap Sipper", "evs": {"hp": 85, "atk": 0, "def": 85, "spa": 85, "spd": 85, "spe": 85}, "ivs": {"hp": 31, "atk": 0, "def": 31, "spa": 31, "spd": 31, "spe": 31}, "item": "Eviolite", "teraType": "Psychic", "role": "Bulky Setup", "bvs": {"hp": 70, "atk": 80, "def": 65, "spa": 90, "spd": 65, "spe": 85}, "stats": {"hp": 269, "atk": 147, "def": 166, "spa": 211, "spd": 166, "spe": 202}, "types": ["Normal", "Psychic"]}}]}