{"id": "gen9randombattle-2641594062", "format": "[Gen 9] Random Battle", "players": ["nick pikachu_69", "testbotcif"], "log": "|j|\u2606nick pikachu_69\n|j|\u2606testbotcif\n|t:|1782815113\n|gametype|singles\n|player|p1|nick pikachu_69|elesa|1143\n|player|p2|testbotcif|266|1156\n|gen|9\n|tier|[Gen 9] Random Battle\n|rated|\n|rule|Species Clause: Limit one of each Pok\u00e9mon\n|rule|HP Percentage Mod: HP is shown in percentages\n|rule|Sleep Clause Mod: Limit one foe put to sleep\n|rule|Illusion Level Mod: Illusion disguises the Pok\u00e9mon's true level\n|\n|t:|1782815113\n|teamsize|p1|6\n|teamsize|p2|6\n|start\n|switch|p1a: Basculin|Basculin, L86, F|261/261\n|switch|p2a: Sandy Shocks|Sandy Shocks, L80|267/267\n|turn|1\n|c|\u2606testbotcif|rlhf\n|inactive|Battle timer is ON: inactive players will automatically lose when time's up. (requested by testbotcif)\n|\n|t:|1782815137\n|-terastallize|p2a: Sandy Shocks|Ground\n|move|p1a: Basculin|Flip Turn|p2a: Sandy Shocks\n|-supereffective|p2a: Sandy Shocks\n|-damage|p2a: Sandy Shocks|7/267\n|\n|t:|1782815149\n|switch|p1a: Dachsbun|Dachsbun, L92, F|254/254|[from] Flip Turn\n|move|p2a: Sandy Shocks|Thunderbolt|p1a: Dachsbun\n|-damage|p1a: Dachsbun|145/254\n|\n|-heal|p1a: Dachsbun|160/254|[from] item: Leftovers\n|-heal|p2a: Sandy Shocks|23/267|[from] item: Leftovers\n|upkeep\n|turn|2\n|\n|t:|1782815153\n|move|p1a: Dachsbun|Wish|p1a: Dachsbun\n|move|p2a: Sandy Shocks|Thunderbolt|p1a: Dachsbun\n|-damage|p1a: Dachsbun|61/254\n|\n|-heal|p1a: Dachsbun|76/254|[from] item: Leftovers\n|-heal|p2a: Sandy Shocks|39/267|[from] item: Leftovers\n|upkeep\n|turn|3\n|\n|t:|1782815161\n|move|p1a: Dachsbun|Body Press|p2a: Sandy Shocks\n|-damage|p2a: Sandy Shocks|0 fnt\n|faint|p2a: Sandy Shocks\n|-end|p2a: Sandy Shocks|Protosynthesis|[silent]\n|\n|-heal|p1a: Dachsbun|203/254|[from] move: Wish|[wisher] Dachsbun\n|-heal|p1a: Dachsbun|218/254|[from] item: Leftovers\n|upkeep\n|\n|t:|1782815162\n|switch|p2a: Slowking|Slowking-Galar, L85, M|300/300\n|turn|4\n|\n|t:|1782815170\n|switch|p1a: Articuno|Articuno-Galar, L84|288/288\n|move|p2a: Slowking|Thunder Wave|p1a: Articuno|[miss]\n|-miss|p2a: Slowking|p1a: Articuno\n|\n|upkeep\n|turn|5\n|\n|t:|1782815180\n|move|p1a: Articuno|Freezing Glare|p2a: Slowking\n|-damage|p2a: Slowking|200/300\n|move|p2a: Slowking|Sludge Bomb|p1a: Articuno\n|-damage|p1a: Articuno|192/288\n|-status|p1a: Articuno|psn\n|\n|-heal|p2a: Slowking|218/300|[from] item: Leftovers\n|-damage|p1a: Articuno|156/288 psn|[from] psn\n|upkeep\n|turn|6\n|\n|t:|1782815187\n|move|p1a: Articuno|Freezing Glare|p2a: Slowking\n|-crit|p2a: Slowking\n|-damage|p2a: Slowking|79/300\n|move|p2a: Slowking|Slack Off|p2a: Slowking\n|-heal|p2a: Slowking|229/300\n|\n|-heal|p2a: Slowking|247/300|[from] item: Leftovers\n|-damage|p1a: Articuno|120/288 psn|[from] psn\n|upkeep\n|turn|7\n|\n|t:|1782815197\n|move|p1a: Articuno|Recover|p1a: Articuno\n|-heal|p1a: Articuno|264/288 psn\n|move|p2a: Slowking|Slack Off|p2a: Slowking\n|-heal|p2a: Slowking|300/300\n|\n|-damage|p1a: Articuno|228/288 psn|[from] psn\n|upkeep\n|turn|8\n|\n|t:|1782815201\n|move|p1a: Articuno|Calm Mind|p1a: Articuno\n|-boost|p1a: Articuno|spa|1\n|-boost|p1a: Articuno|spd|1\n|move|p2a: Slowking|Sludge Bomb|p1a: Articuno\n|-damage|p1a: Articuno|161/288 psn\n|\n|-damage|p1a: Articuno|125/288 psn|[from] psn\n|upkeep\n|turn|9\n|\n|t:|1782815207\n|move|p1a: Articuno|Calm Mind|p1a: Articuno\n|-boost|p1a: Articuno|spa|1\n|-boost|p1a: Articuno|spd|1\n|move|p2a: Slowking|Sludge Bomb|p1a: Articuno\n|-damage|p1a: Articuno|73/288 psn\n|\n|-damage|p1a: Articuno|37/288 psn|[from] psn\n|upkeep\n|turn|10\n|\n|t:|1782815210\n|move|p1a: Articuno|Recover|p1a: Articuno\n|-heal|p1a: Articuno|181/288 psn\n|move|p2a: Slowking|Slack Off||[still]\n|-fail|p2a: Slowking|heal\n|\n|-damage|p1a: Articuno|145/288 psn|[from] psn\n|upkeep\n|turn|11\n|\n|t:|1782815217\n|move|p1a: Articuno|Calm Mind|p1a: Articuno\n|-boost|p1a: Articuno|spa|1\n|-boost|p1a: Articuno|spd|1\n|move|p2a: Slowking|Sludge Bomb|p1a: Articuno\n|-damage|p1a: Articuno|106/288 psn\n|\n|-damage|p1a: Articuno|70/288 psn|[from] psn\n|upkeep\n|turn|12\n|\n|t:|1782815223\n|move|p1a: Articuno|Recover|p1a: Articuno\n|-heal|p1a: Articuno|214/288 psn\n|move|p2a: Slowking|Sludge Bomb|p1a: Articuno\n|-damage|p1a: Articuno|177/288 psn\n|\n|-damage|p1a: Articuno|141/288 psn|[from] psn\n|upkeep\n|turn|13\n|\n|t:|1782815226\n|move|p1a: Articuno|Calm Mind|p1a: Articuno\n|-boost|p1a: Articuno|spa|1\n|-boost|p1a: Articuno|spd|1\n|move|p2a: Slowking|Sludge Bomb|p1a: Articuno\n|-damage|p1a: Articuno|110/288 psn\n|\n|-damage|p1a: Articuno|74/288 psn|[from] psn\n|upkeep\n|turn|14\n|\n|t:|1782815229\n|move|p1a: Articuno|Freezing Glare|p2a: Slowking\n|-damage|p2a: Slowking|0 fnt\n|faint|p2a: Slowking\n|\n|-damage|p1a: Articuno|38/288 psn|[from] psn\n|upkeep\n|\n|t:|1782815229\n|switch|p2a: Baxcalibur|Baxcalibur, L75, F|295/295\n|turn|15\n|\n|t:|1782815238\n|move|p2a: Baxcalibur|Ice Shard|p1a: Articuno\n|-supereffective|p1a: Articuno\n|-damage|p1a: Articuno|0 fnt\n|faint|p1a: Articuno\n|\n|upkeep\n|\n|t:|1782815244\n|switch|p1a: Dachsbun|Dachsbun, L92, F|218/254\n|turn|16\n|\n|t:|1782815248\n|switch|p2a: Sunflora|Sunflora, M|312/312\n|move|p1a: Dachsbun|Body Press|p2a: Sunflora\n|-damage|p2a: Sunflora|226/312\n|\n|-heal|p1a: Dachsbun|233/254|[from] item: Leftovers\n|upkeep\n|turn|17\n|\n|t:|1782815259\n|switch|p1a: Dodrio|Dodrio, L85, M|241/241\n|move|p2a: Sunflora|Sunny Day|p2a: Sunflora\n|-weather|SunnyDay\n|\n|-weather|SunnyDay|[upkeep]\n|upkeep\n|turn|18\n|\n|t:|1782815271\n|switch|p2a: Baxcalibur|Baxcalibur, L75, F|295/295\n|move|p1a: Dodrio|Double-Edge|p2a: Baxcalibur\n|-damage|p2a: Baxcalibur|76/295\n|-damage|p1a: Dodrio|169/241|[from] Recoil\n|\n|-weather|SunnyDay|[upkeep]\n|upkeep\n|turn|19\n|\n|t:|1782815278\n|move|p2a: Baxcalibur|Ice Shard|p1a: Dodrio\n|-supereffective|p1a: Dodrio\n|-damage|p1a: Dodrio|0 fnt\n|faint|p1a: Dodrio\n|\n|-weather|SunnyDay|[upkeep]\n|upkeep\n|\n|t:|1782815283\n|switch|p1a: Pyroar|Pyroar, L88, M|295/295\n|-ability|p1a: Pyroar|Unnerve\n|turn|20\n|\n|t:|1782815287\n|switch|p2a: Sunflora|Sunflora, M|226/312\n|move|p1a: Pyroar|Fire Blast|p2a: Sunflora\n|-supereffective|p2a: Sunflora\n|-damage|p2a: Sunflora|0 fnt\n|faint|p2a: Sunflora\n|\n|-weather|SunnyDay|[upkeep]\n|upkeep\n|\n|t:|1782815287\n|switch|p2a: Alcremie|Alcremie-Rainbow-Swirl, L90, F|263/263\n|turn|21\n|\n|t:|1782815295\n|move|p1a: Pyroar|Will-O-Wisp|p2a: Alcremie\n|-status|p2a: Alcremie|brn\n|move|p2a: Alcremie|Calm Mind|p2a: Alcremie\n|-boost|p2a: Alcremie|spa|1\n|-boost|p2a: Alcremie|spd|1\n|\n|-weather|none\n|-damage|p2a: Alcremie|247/263 brn|[from] brn\n|upkeep\n|turn|22\n|\n|t:|1782815303\n|move|p1a: Pyroar|Work Up|p1a: Pyroar\n|-boost|p1a: Pyroar|atk|1\n|-boost|p1a: Pyroar|spa|1\n|move|p2a: Alcremie|Calm Mind|p2a: Alcremie\n|-boost|p2a: Alcremie|spa|1\n|-boost|p2a: Alcremie|spd|1\n|\n|-heal|p2a: Alcremie|263/263 brn|[from] item: Leftovers\n|-damage|p2a: Alcremie|247/263 brn|[from] brn\n|upkeep\n|turn|23\n|\n|t:|1782815307\n|move|p1a: Pyroar|Fire Blast|p2a: Alcremie\n|-damage|p2a: Alcremie|172/263 brn\n|move|p2a: Alcremie|Psyshock|p1a: Pyroar\n|-damage|p1a: Pyroar|145/295\n|\n|-heal|p2a: Alcremie|188/263 brn|[from] item: Leftovers\n|-damage|p2a: Alcremie|172/263 brn|[from] brn\n|upkeep\n|turn|24\n|\n|t:|1782815322\n|switch|p1a: Meowscarada|Meowscarada, L78, F|247/247\n|move|p2a: Alcremie|Recover|p2a: Alcremie\n|-heal|p2a: Alcremie|263/263 brn\n|\n|-damage|p2a: Alcremie|247/263 brn|[from] brn\n|upkeep\n|turn|25\n|\n|t:|1782815327\n|move|p1a: Meowscarada|U-turn|p2a: Alcremie\n|-start|p1a: Meowscarada|typechange|Bug|[from] ability: Protean\n|-resisted|p2a: Alcremie\n|-damage|p2a: Alcremie|187/263 brn\n|\n|t:|1782815333\n|switch|p1a: Pyroar|Pyroar, L88, M|145/295|[from] U-turn\n|-ability|p1a: Pyroar|Unnerve\n|move|p2a: Alcremie|Alluring Voice|p1a: Pyroar\n|-resisted|p1a: Pyroar\n|-damage|p1a: Pyroar|16/295\n|\n|-heal|p2a: Alcremie|203/263 brn|[from] item: Leftovers\n|-damage|p2a: Alcremie|187/263 brn|[from] brn\n|upkeep\n|turn|26\n|\n|t:|1782815336\n|move|p1a: Pyroar|Hyper Voice|p2a: Alcremie\n|-damage|p2a: Alcremie|147/263 brn\n|move|p2a: Alcremie|Recover|p2a: Alcremie\n|-heal|p2a: Alcremie|263/263 brn\n|\n|-damage|p2a: Alcremie|247/263 brn|[from] brn\n|upkeep\n|turn|27\n|\n|t:|1782815341\n|move|p1a: Pyroar|Hyper Voice|p2a: Alcremie\n|-damage|p2a: Alcremie|204/263 brn\n|move|p2a: Alcremie|Recover|p2a: Alcremie\n|-heal|p2a: Alcremie|263/263 brn\n|\n|-damage|p2a: Alcremie|247/263 brn|[from] brn\n|upkeep\n|turn|28\n|\n|t:|1782815346\n|move|p1a: Pyroar|Hyper Voice|p2a: Alcremie\n|-damage|p2a: Alcremie|201/263 brn\n|move|p2a: Alcremie|Recover|p2a: Alcremie\n|-heal|p2a: Alcremie|263/263 brn\n|\n|-damage|p2a: Alcremie|247/263 brn|[from] brn\n|upkeep\n|turn|29\n|\n|t:|1782815350\n|move|p1a: Pyroar|Hyper Voice|p2a: Alcremie\n|-damage|p2a: Alcremie|204/263 brn\n|move|p2a: Alcremie|Recover|p2a: Alcremie\n|-heal|p2a: Alcremie|263/263 brn\n|\n|-damage|p2a: Alcremie|247/263 brn|[from] brn\n|upkeep\n|turn|30\n|\n|t:|1782815356\n|move|p1a: Pyroar|Hyper Voice|p2a: Alcremie\n|-damage|p2a: Alcremie|202/263 brn\n|move|p2a: Alcremie|Recover|p2a: Alcremie\n|-heal|p2a: Alcremie|263/263 brn\n|\n|-damage|p2a: Alcremie|247/263 brn|[from] brn\n|upkeep\n|turn|31\n|\n|t:|1782815360\n|move|p1a: Pyroar|Hyper Voice|p2a: Alcremie\n|-damage|p2a: Alcremie|205/263 brn\n|move|p2a: Alcremie|Recover|p2a: Alcremie\n|-heal|p2a: Alcremie|263/263 brn\n|\n|-damage|p2a: Alcremie|247/263 brn|[from] brn\n|upkeep\n|turn|32\n|\n|t:|1782815364\n|move|p1a: Pyroar|Hyper Voice|p2a: Alcremie\n|-damage|p2a: Alcremie|205/263 brn\n|move|p2a: Alcremie|Recover|p2a: Alcremie\n|-heal|p2a: Alcremie|263/263 brn\n|\n|-damage|p2a: Alcremie|247/263 brn|[from] brn\n|upkeep\n|turn|33\n|\n|t:|1782815370\n|move|p1a: Pyroar|Hyper Voice|p2a: Alcremie\n|-damage|p2a: Alcremie|204/263 brn\n|move|p2a: Alcremie|Alluring Voice|p1a: Pyroar\n|-resisted|p1a: Pyroar\n|-damage|p1a: Pyroar|0 fnt\n|faint|p1a: Pyroar\n|\n|-heal|p2a: Alcremie|220/263 brn|[from] item: Leftovers\n|-damage|p2a: Alcremie|204/263 brn|[from] brn\n|upkeep\n|\n|t:|1782815378\n|switch|p1a: Basculin|Basculin, L86, F|261/261\n|turn|34\n|\n|t:|1782815383\n|move|p1a: Basculin|Wave Crash|p2a: Alcremie\n|-damage|p2a: Alcremie|0 fnt\n|faint|p2a: Alcremie\n|-damage|p1a: Basculin|194/261|[from] Recoil\n|\n|upkeep\n|\n|t:|1782815384\n|switch|p2a: Baxcalibur|Baxcalibur, L75, F|76/295\n|turn|35\n|\n|t:|1782815387\n|move|p1a: Basculin|Wave Crash|p2a: Baxcalibur\n|-resisted|p2a: Baxcalibur\n|-damage|p2a: Baxcalibur|0 fnt\n|faint|p2a: Baxcalibur\n|-damage|p1a: Basculin|169/261|[from] Recoil\n|\n|upkeep\n|\n|t:|1782815387\n|switch|p2a: Glalie|Glalie, L96, F|309/309\n|turn|36\n|c|\u2606nick pikachu_69|gg\n|\n|t:|1782815396\n|-terastallize|p1a: Basculin|Water\n|move|p1a: Basculin|Wave Crash|p2a: Glalie\n|-damage|p2a: Glalie|50/309\n|-damage|p1a: Basculin|84/261|[from] Recoil\n|move|p2a: Glalie|Freeze-Dry|p1a: Basculin\n|-supereffective|p1a: Basculin\n|-damage|p1a: Basculin|0 fnt\n|faint|p1a: Basculin\n|\n|upkeep\n|\n|t:|1782815403\n|switch|p1a: Dachsbun|Dachsbun, L92, F|233/254\n|turn|37\n|\n|t:|1782815406\n|move|p1a: Dachsbun|Wish|p1a: Dachsbun\n|move|p2a: Glalie|Freeze-Dry|p1a: Dachsbun\n|-damage|p1a: Dachsbun|146/254\n|\n|-heal|p1a: Dachsbun|161/254|[from] item: Leftovers\n|upkeep\n|turn|38\n|\n|t:|1782815413\n|move|p1a: Dachsbun|Protect|p1a: Dachsbun\n|-singleturn|p1a: Dachsbun|Protect\n|move|p2a: Glalie|Freeze-Dry|p1a: Dachsbun\n|-activate|p1a: Dachsbun|move: Protect\n|\n|-heal|p1a: Dachsbun|254/254|[from] move: Wish|[wisher] Dachsbun\n|upkeep\n|turn|39\n|\n|t:|1782815417\n|move|p1a: Dachsbun|Wish|p1a: Dachsbun\n|move|p2a: Glalie|Freeze-Dry|p1a: Dachsbun\n|-damage|p1a: Dachsbun|178/254\n|\n|-heal|p1a: Dachsbun|193/254|[from] item: Leftovers\n|upkeep\n|turn|40\n|\n|t:|1782815424\n|move|p1a: Dachsbun|Protect|p1a: Dachsbun\n|-singleturn|p1a: Dachsbun|Protect\n|move|p2a: Glalie|Freeze-Dry|p1a: Dachsbun\n|-activate|p1a: Dachsbun|move: Protect\n|\n|-heal|p1a: Dachsbun|254/254|[from] move: Wish|[wisher] Dachsbun\n|upkeep\n|turn|41\n|\n|t:|1782815430\n|move|p1a: Dachsbun|Wish|p1a: Dachsbun\n|move|p2a: Glalie|Freeze-Dry|p1a: Dachsbun\n|-damage|p1a: Dachsbun|167/254\n|\n|-heal|p1a: Dachsbun|182/254|[from] item: Leftovers\n|upkeep\n|turn|42\n|\n|t:|1782815455\n|move|p1a: Dachsbun|Wish||[still]\n|-fail|p1a: Dachsbun\n|move|p2a: Glalie|Freeze-Dry|p1a: Dachsbun\n|-damage|p1a: Dachsbun|106/254\n|\n|-heal|p1a: Dachsbun|233/254|[from] move: Wish|[wisher] Dachsbun\n|-heal|p1a: Dachsbun|248/254|[from] item: Leftovers\n|upkeep\n|turn|43\n|\n|t:|1782815459\n|move|p1a: Dachsbun|Wish|p1a: Dachsbun\n|move|p2a: Glalie|Freeze-Dry|p1a: Dachsbun\n|-crit|p1a: Dachsbun\n|-damage|p1a: Dachsbun|131/254\n|\n|-heal|p1a: Dachsbun|146/254|[from] item: Leftovers\n|upkeep\n|turn|44\n|\n|t:|1782815464\n|move|p1a: Dachsbun|Protect|p1a: Dachsbun\n|-singleturn|p1a: Dachsbun|Protect\n|move|p2a: Glalie|Freeze-Dry|p1a: Dachsbun\n|-activate|p1a: Dachsbun|move: Protect\n|\n|-heal|p1a: Dachsbun|254/254|[from] move: Wish|[wisher] Dachsbun\n|upkeep\n|turn|45\n|\n|t:|1782815470\n|move|p1a: Dachsbun|Protect||[still]\n|-fail|p1a: Dachsbun\n|move|p2a: Glalie|Freeze-Dry|p1a: Dachsbun\n|-damage|p1a: Dachsbun|173/254\n|\n|-heal|p1a: Dachsbun|188/254|[from] item: Leftovers\n|upkeep\n|turn|46\n|\n|t:|1782815478\n|move|p1a: Dachsbun|Wish|p1a: Dachsbun\n|move|p2a: Glalie|Freeze-Dry|p1a: Dachsbun\n|-damage|p1a: Dachsbun|110/254\n|-status|p1a: Dachsbun|frz\n|\n|-heal|p1a: Dachsbun|125/254 frz|[from] item: Leftovers\n|upkeep\n|turn|47\n|\n|t:|1782815486\n|cant|p1a: Dachsbun|frz\n|move|p2a: Glalie|Freeze-Dry|p1a: Dachsbun\n|-damage|p1a: Dachsbun|38/254 frz\n|\n|-heal|p1a: Dachsbun|165/254 frz|[from] move: Wish|[wisher] Dachsbun\n|-heal|p1a: Dachsbun|180/254 frz|[from] item: Leftovers\n|upkeep\n|turn|48\n|\n|t:|1782815492\n|-curestatus|p1a: Dachsbun|frz|[msg]\n|move|p1a: Dachsbun|Wish|p1a: Dachsbun\n|move|p2a: Glalie|Freeze-Dry|p1a: Dachsbun\n|-damage|p1a: Dachsbun|95/254\n|\n|-heal|p1a: Dachsbun|110/254|[from] item: Leftovers\n|upkeep\n|turn|49\n|\n|t:|1782815499\n|move|p1a: Dachsbun|Protect|p1a: Dachsbun\n|-singleturn|p1a: Dachsbun|Protect\n|move|p2a: Glalie|Freeze-Dry|p1a: Dachsbun\n|-activate|p1a: Dachsbun|move: Protect\n|\n|-heal|p1a: Dachsbun|237/254|[from] move: Wish|[wisher] Dachsbun\n|-heal|p1a: Dachsbun|252/254|[from] item: Leftovers\n|upkeep\n|turn|50\n|\n|t:|1782815501\n|move|p1a: Dachsbun|Protect||[still]\n|-fail|p1a: Dachsbun\n|move|p2a: Glalie|Freeze-Dry|p1a: Dachsbun\n|-damage|p1a: Dachsbun|170/254\n|-status|p1a: Dachsbun|frz\n|\n|-heal|p1a: Dachsbun|185/254 frz|[from] item: Leftovers\n|upkeep\n|turn|51\n|\n|t:|1782815505\n|-curestatus|p1a: Dachsbun|frz|[msg]\n|move|p1a: Dachsbun|Wish|p1a: Dachsbun\n|move|p2a: Glalie|Freeze-Dry|p1a: Dachsbun\n|-damage|p1a: Dachsbun|103/254\n|\n|-heal|p1a: Dachsbun|118/254|[from] item: Leftovers\n|upkeep\n|turn|52\n|\n|t:|1782815513\n|move|p1a: Dachsbun|Protect|p1a: Dachsbun\n|-singleturn|p1a: Dachsbun|Protect\n|move|p2a: Glalie|Freeze-Dry|p1a: Dachsbun\n|-activate|p1a: Dachsbun|move: Protect\n|\n|-heal|p1a: Dachsbun|245/254|[from] move: Wish|[wisher] Dachsbun\n|-heal|p1a: Dachsbun|254/254|[from] item: Leftovers\n|upkeep\n|turn|53\n|\n|t:|1782815519\n|move|p1a: Dachsbun|Wish|p1a: Dachsbun\n|move|p2a: Glalie|Freeze-Dry|p1a: Dachsbun\n|-damage|p1a: Dachsbun|170/254\n|\n|-heal|p1a: Dachsbun|185/254|[from] item: Leftovers\n|upkeep\n|turn|54\n|\n|t:|1782815523\n|move|p1a: Dachsbun|Protect|p1a: Dachsbun\n|-singleturn|p1a: Dachsbun|Protect\n|move|p2a: Glalie|Freeze-Dry|p1a: Dachsbun\n|-activate|p1a: Dachsbun|move: Protect\n|\n|-heal|p1a: Dachsbun|254/254|[from] move: Wish|[wisher] Dachsbun\n|upkeep\n|turn|55\n|\n|t:|1782815527\n|move|p1a: Dachsbun|Protect|p1a: Dachsbun\n|-singleturn|p1a: Dachsbun|Protect\n|move|p2a: Glalie|Freeze-Dry|p1a: Dachsbun\n|-activate|p1a: Dachsbun|move: Protect\n|\n|upkeep\n|turn|56\n|c|\u2606nick pikachu_69|gamble\n|\n|t:|1782815535\n|move|p1a: Dachsbun|Wish|p1a: Dachsbun\n|move|p2a: Glalie|Freeze-Dry|p1a: Dachsbun\n|-damage|p1a: Dachsbun|176/254\n|\n|-heal|p1a: Dachsbun|191/254|[from] item: Leftovers\n|upkeep\n|turn|57\n|\n|t:|1782815541\n|move|p1a: Dachsbun|Protect|p1a: Dachsbun\n|-singleturn|p1a: Dachsbun|Protect\n|move|p2a: Glalie|Freeze-Dry|p1a: Dachsbun\n|-activate|p1a: Dachsbun|move: Protect\n|\n|-heal|p1a: Dachsbun|254/254|[from] move: Wish|[wisher] Dachsbun\n|upkeep\n|turn|58\n|\n|t:|1782815547\n|move|p1a: Dachsbun|Protect||[still]\n|-fail|p1a: Dachsbun\n|move|p2a: Glalie|Freeze-Dry|p1a: Dachsbun\n|-damage|p1a: Dachsbun|173/254\n|\n|-heal|p1a: Dachsbun|188/254|[from] item: Leftovers\n|upkeep\n|turn|59\n|\n|t:|1782815551\n|move|p1a: Dachsbun|Wish|p1a: Dachsbun\n|move|p2a: Glalie|Freeze-Dry|p1a: Dachsbun\n|-damage|p1a: Dachsbun|110/254\n|\n|-heal|p1a: Dachsbun|125/254|[from] item: Leftovers\n|upkeep\n|turn|60\n|\n|t:|1782815556\n|move|p1a: Dachsbun|Protect|p1a: Dachsbun\n|-singleturn|p1a: Dachsbun|Protect\n|move|p2a: Glalie|Freeze-Dry|p1a: Dachsbun\n|-activate|p1a: Dachsbun|move: Protect\n|\n|-heal|p1a: Dachsbun|252/254|[from] move: Wish|[wisher] Dachsbun\n|-heal|p1a: Dachsbun|254/254|[from] item: Leftovers\n|upkeep\n|turn|61\n|c|\u2606nick pikachu_69|gg\n|\n|t:|1782815566\n|move|p1a: Dachsbun|Wish|p1a: Dachsbun\n|move|p2a: Glalie|Freeze-Dry|p1a: Dachsbun\n|-damage|p1a: Dachsbun|173/254\n|\n|-heal|p1a: Dachsbun|188/254|[from] item: Leftovers\n|upkeep\n|turn|62\n|\n|t:|1782815571\n|move|p1a: Dachsbun|Protect|p1a: Dachsbun\n|-singleturn|p1a: Dachsbun|Protect\n|move|p2a: Glalie|Freeze-Dry|p1a: Dachsbun\n|-activate|p1a: Dachsbun|move: Protect\n|\n|-heal|p1a: Dachsbun|254/254|[from] move: Wish|[wisher] Dachsbun\n|upkeep\n|turn|63\n|\n|t:|1782815573\n|move|p1a: Dachsbun|Wish|p1a: Dachsbun\n|move|p2a: Glalie|Freeze-Dry|p1a: Dachsbun\n|-damage|p1a: Dachsbun|178/254\n|\n|-heal|p1a: Dachsbun|193/254|[from] item: Leftovers\n|upkeep\n|turn|64\n|\n|t:|1782815575\n|move|p1a: Dachsbun|Protect|p1a: Dachsbun\n|-singleturn|p1a: Dachsbun|Protect\n|move|p2a: Glalie|Freeze-Dry|p1a: Dachsbun\n|-activate|p1a: Dachsbun|move: Protect\n|\n|-heal|p1a: Dachsbun|254/254|[from] move: Wish|[wisher] Dachsbun\n|upkeep\n|turn|65\n|\n|t:|1782815578\n|move|p1a: Dachsbun|Wish|p1a: Dachsbun\n|move|p2a: Glalie|Freeze-Dry|p1a: Dachsbun\n|-damage|p1a: Dachsbun|176/254\n|\n|-heal|p1a: Dachsbun|191/254|[from] item: Leftovers\n|upkeep\n|turn|66\n|\n|t:|1782815580\n|move|p1a: Dachsbun|Protect|p1a: Dachsbun\n|-singleturn|p1a: Dachsbun|Protect\n|move|p2a: Glalie|Freeze-Dry|p1a: Dachsbun\n|-activate|p1a: Dachsbun|move: Protect\n|\n|-heal|p1a: Dachsbun|254/254|[from] move: Wish|[wisher] Dachsbun\n|upkeep\n|turn|67\n|\n|t:|1782815585\n|move|p1a: Dachsbun|Wish|p1a: Dachsbun\n|move|p2a: Glalie|Freeze-Dry|p1a: Dachsbun\n|-damage|p1a: Dachsbun|167/254\n|\n|-heal|p1a: Dachsbun|182/254|[from] item: Leftovers\n|upkeep\n|turn|68\n|\n|t:|1782815587\n|move|p1a: Dachsbun|Protect|p1a: Dachsbun\n|-singleturn|p1a: Dachsbun|Protect\n|move|p2a: Glalie|Taunt|p1a: Dachsbun\n|-activate|p1a: Dachsbun|move: Protect\n|\n|-heal|p1a: Dachsbun|254/254|[from] move: Wish|[wisher] Dachsbun\n|upkeep\n|turn|69\n|\n|t:|1782815598\n|switch|p1a: Meowscarada|Meowscarada, L78, F|247/247\n|move|p2a: Glalie|Earthquake|p1a: Meowscarada\n|-resisted|p1a: Meowscarada\n|-damage|p1a: Meowscarada|197/247\n|\n|upkeep\n|turn|70\n|\n|t:|1782815603\n|move|p1a: Meowscarada|Triple Axel|p2a: Glalie\n|-start|p1a: Meowscarada|typechange|Ice|[from] ability: Protean\n|-resisted|p2a: Glalie\n|-damage|p2a: Glalie|35/309\n|-resisted|p2a: Glalie\n|-damage|p2a: Glalie|5/309\n|-resisted|p2a: Glalie\n|-damage|p2a: Glalie|0 fnt\n|faint|p2a: Glalie\n|-hitcount|p2: Glalie|3\n|\n|win|nick pikachu_69\n|raw|nick pikachu_69's rating: 1143 &rarr; <strong>1169</strong><br />(+26 for winning)\n|raw|testbotcif's rating: 1156 &rarr; <strong>1130</strong><br />(-26 for losing)\n", "inputlog": ">version f8ac14003a5f27e1bdc8d8c59608a773c1cb96e5\n>start {\"formatid\":\"gen9randombattle\",\"seed\":\"sodium,553874ef4fd7adb9c802b6ad44e40467\",\"rated\":\"Rated battle\"}\n>player p1 {\"name\":\"nick pikachu_69\",\"avatar\":\"elesa\",\"rating\":1143,\"seed\":\"sodium,e6909e09e0e8cad81e448c3a19061b28\"}\n>player p2 {\"name\":\"testbotcif\",\"avatar\":\"266\",\"rating\":1156,\"seed\":\"sodium,6ef573bea877ac7597eb7bb3ff1af50c\"}\n>chat \u2606testbotcif|rlhf\n>p1 move flipturn\n>p2 move thunderbolt terastallize\n>p1 switch 2\n>p1 move wish\n>p2 move thunderbolt\n>p1 move bodypress\n>p2 move thunderbolt\n>p2 switch 2\n>p1 switch 3\n>p2 move thunderwave\n>p1 move freezingglare\n>p2 move sludgebomb\n>p1 move freezingglare\n>p2 move slackoff\n>p1 move recover\n>p2 move slackoff\n>p1 move calmmind\n>p2 move sludgebomb\n>p1 move calmmind\n>p2 move sludgebomb\n>p1 move recover\n>p2 move slackoff\n>p1 move calmmind\n>p2 move sludgebomb\n>p1 move recover\n>p2 move sludgebomb\n>p1 move calmmind\n>p2 move sludgebomb\n>p1 move freezingglare\n>p2 move sludgebomb\n>p2 switch 3\n>p1 move freezingglare\n>p2 move iceshard\n>p1 switch 3\n>p1 move bodypress\n>p2 switch 4\n>p1 switch 5\n>p2 move sunnyday\n>p1 move doubleedge\n>p2 switch 4\n>p1 move doubleedge\n>p2 move iceshard\n>p1 switch 4\n>p1 move fireblast\n>p2 switch 4\n>p2 switch 5\n>p1 move willowisp\n>p2 move calmmind\n>p1 move workup\n>p2 move calmmind\n>p1 move fireblast\n>p2 move psyshock\n>p1 switch 6\n>p2 move recover\n>p1 move uturn\n>p2 move alluringvoice\n>p1 switch 6\n>p1 move hypervoice\n>p2 move recover\n>p1 move hypervoice\n>p2 move recover\n>p1 move hypervoice\n>p2 move recover\n>p1 move hypervoice\n>p2 move recover\n>p1 move hypervoice\n>p2 move recover\n>p1 move hypervoice\n>p2 move recover\n>p1 move hypervoice\n>p2 move recover\n>p1 move hypervoice\n>p2 move alluringvoice\n>p1 switch 2\n>p1 move wavecrash\n>p2 move alluringvoice\n>p2 switch 4\n>p1 move wavecrash\n>p2 move glaiverush\n>p2 switch 6\n>chat \u2606nick pikachu_69|gg\n>p1 move wavecrash terastallize\n>p2 move freezedry\n>p1 switch 5\n>p1 move wish\n>p2 move freezedry\n>p1 move protect\n>p2 move freezedry\n>p1 move wish\n>p2 move freezedry\n>p1 move protect\n>p2 move freezedry\n>p1 move wish\n>p2 move freezedry\n>p1 move wish\n>p2 move freezedry\n>p1 move wish\n>p2 move freezedry\n>p1 move protect\n>p2 move freezedry\n>p1 move protect\n>p2 move freezedry\n>p1 move wish\n>p2 move freezedry\n>p1 move protect\n>p2 move freezedry\n>p1 move wish\n>p2 move freezedry\n>p1 move protect\n>p2 move freezedry\n>p1 move protect\n>p2 move freezedry\n>p1 move wish\n>p2 move freezedry\n>p1 move protect\n>p2 move freezedry\n>p1 move wish\n>p2 move freezedry\n>p1 move protect\n>p2 move freezedry\n>p1 move protect\n>p2 move freezedry\n>chat \u2606nick pikachu_69|gamble\n>p1 move wish\n>p2 move freezedry\n>p1 move protect\n>p2 move freezedry\n>p1 move protect\n>p2 move freezedry\n>p1 move wish\n>p2 move freezedry\n>p1 move protect\n>p2 move freezedry\n>chat \u2606nick pikachu_69|gg\n>p1 move wish\n>p2 move freezedry\n>p1 move protect\n>p2 move freezedry\n>p1 move wish\n>p2 move freezedry\n>p1 move protect\n>p2 move freezedry\n>p1 move wish\n>p2 move freezedry\n>p1 move protect\n>p2 move freezedry\n>p1 move wish\n>p2 move freezedry\n>p1 move protect\n>p2 move taunt\n>p1 switch 6\n>p2 move earthquake\n>p1 move tripleaxel\n>p2 move earthquake", "uploadtime": 1782815603, "views": 4, "formatid": "gen9randombattle", "rating": 1130, "private": 0, "password": null, "player_dets": [{"name": "nick pikachu_69", "avatar": "elesa", "rating": 1143, "seed": "sodium,e6909e09e0e8cad81e448c3a19061b28"}, {"name": "testbotcif", "avatar": "266", "rating": 1156, "seed": "sodium,6ef573bea877ac7597eb7bb3ff1af50c"}], "teams_full": [{"Basculin": {"name": "Basculin", "species": "Basculin", "speciesId": "basculin", "gender": "F", "shiny": false, "level": 86, "moves": ["wavecrash", "doubleedge", "flipturn", "aquajet"], "ability": "Adaptability", "evs": {"hp": 85, "atk": 85, "def": 85, "spa": 85, "spd": 85, "spe": 85}, "ivs": {"hp": 31, "atk": 31, "def": 31, "spa": 31, "spd": 31, "spe": 31}, "item": "Choice Band", "teraType": "Water", "role": "Wallbreaker", "bvs": {"hp": 70, "atk": 92, "def": 65, "spa": 80, "spd": 55, "spe": 98}, "stats": {"hp": 261, "atk": 207, "def": 161, "spa": 187, "spd": 144, "spe": 218}, "types": ["Water"]}, "Dachsbun": {"name": "Dachsbun", "species": "Dachsbun", "speciesId": "dachsbun", "gender": "F", "shiny": false, "level": 92, "moves": ["protect", "playrough", "wish", "bodypress"], "ability": "Well-Baked Body", "evs": {"hp": 85, "atk": 85, "def": 85, "spa": 85, "spd": 85, "spe": 85}, "ivs": {"hp": 31, "atk": 31, "def": 31, "spa": 31, "spd": 31, "spe": 31}, "item": "Leftovers", "teraType": "Steel", "role": "Bulky Support", "bvs": {"hp": 57, "atk": 80, "def": 115, "spa": 50, "spd": 80, "spe": 95}, "stats": {"hp": 254, "atk": 200, "def": 264, "spa": 144, "spd": 200, "spe": 227}, "types": ["Fairy"]}, "Articuno": {"name": "Articuno", "species": "Articuno-Galar", "speciesId": "articunogalar", "gender": "N", "shiny": false, "level": 84, "moves": ["freezingglare", "recover", "calmmind", "hurricane"], "ability": "Competitive", "evs": {"hp": 85, "atk": 0, "def": 85, "spa": 85, "spd": 85, "spe": 85}, "ivs": {"hp": 31, "atk": 0, "def": 31, "spa": 31, "spd": 31, "spe": 31}, "item": "Heavy-Duty Boots", "teraType": "Steel", "role": "Fast Bulky Setup", "bvs": {"hp": 90, "atk": 85, "def": 85, "spa": 125, "spd": 100, "spe": 95}, "stats": {"hp": 288, "atk": 147, "def": 191, "spa": 258, "spd": 216, "spe": 208}, "types": ["Psychic", "Flying"]}, "Pyroar": {"name": "Pyroar", "species": "Pyroar", "speciesId": "pyroar", "gender": "M", "shiny": false, "level": 88, "moves": ["hypervoice", "willowisp", "fireblast", "workup"], "ability": "Unnerve", "evs": {"hp": 85, "atk": 0, "def": 85, "spa": 85, "spd": 85, "spe": 85}, "ivs": {"hp": 31, "atk": 0, "def": 31, "spa": 31, "spd": 31, "spe": 31}, "item": "Heavy-Duty Boots", "teraType": "Fire", "role": "Fast Attacker", "bvs": {"hp": 86, "atk": 68, "def": 72, "spa": 109, "spd": 66, "spe": 106}, "stats": {"hp": 295, "atk": 124, "def": 177, "spa": 242, "spd": 166, "spe": 237}, "types": ["Fire", "Normal"]}, "Dodrio": {"name": "Dodrio", "species": "Dodrio", "speciesId": "dodrio", "gender": "M", "shiny": false, "level": 85, "moves": ["doubleedge", "bravebird", "drillrun", "knockoff"], "ability": "Early Bird", "evs": {"hp": 85, "atk": 85, "def": 85, "spa": 85, "spd": 85, "spe": 85}, "ivs": {"hp": 31, "atk": 31, "def": 31, "spa": 31, "spd": 31, "spe": 31}, "item": "Choice Band", "teraType": "Ground", "role": "Fast Attacker", "bvs": {"hp": 60, "atk": 110, "def": 70, "spa": 60, "spd": 60, "spe": 110}, "stats": {"hp": 241, "atk": 236, "def": 168, "spa": 151, "spd": 151, "spe": 236}, "types": ["Normal", "Flying"]}, "Meowscarada": {"name": "Meowscarada", "species": "Meowscarada", "speciesId": "meowscarada", "gender": "F", "shiny": false, "level": 78, "moves": ["uturn", "flowertrick", "tripleaxel", "knockoff"], "ability": "Protean", "evs": {"hp": 85, "atk": 85, "def": 85, "spa": 85, "spd": 85, "spe": 85}, "ivs": {"hp": 31, "atk": 31, "def": 31, "spa": 31, "spd": 31, "spe": 31}, "item": "Choice Band", "teraType": "Grass", "role": "Fast Support", "bvs": {"hp": 76, "atk": 110, "def": 70, "spa": 81, "spd": 70, "spe": 123}, "stats": {"hp": 247, "atk": 217, "def": 154, "spa": 171, "spd": 154, "spe": 237}, "types": ["Grass", "Dark"]}}, {"Sandy Shocks": {"name": "Sandy Shocks", "species": "Sandy Shocks", "speciesId": "sandyshocks", "gender": "N", "shiny": false, "level": 80, "moves": ["thunderbolt", "earthpower", "spikes", "thunderwave"], "ability": "Protosynthesis", "evs": {"hp": 85, "atk": 0, "def": 85, "spa": 85, "spd": 85, "spe": 85}, "ivs": {"hp": 31, "atk": 0, "def": 31, "spa": 31, "spd": 31, "spe": 31}, "item": "Leftovers", "teraType": "Ground", "role": "Fast Support", "bvs": {"hp": 85, "atk": 81, "def": 97, "spa": 121, "spd": 85, "spe": 101}, "stats": {"hp": 267, "atk": 134, "def": 201, "spa": 240, "spd": 182, "spe": 208}, "types": ["Electric", "Ground"]}, "Slowking": {"name": "Slowking", "species": "Slowking-Galar", "speciesId": "slowkinggalar", "gender": "M", "shiny": false, "level": 85, "moves": ["sludgebomb", "slackoff", "psychicnoise", "thunderwave"], "ability": "Regenerator", "evs": {"hp": 85, "atk": 0, "def": 85, "spa": 85, "spd": 85, "spe": 85}, "ivs": {"hp": 31, "atk": 0, "def": 31, "spa": 31, "spd": 31, "spe": 31}, "item": "Leftovers", "teraType": "Fairy", "role": "Bulky Attacker", "bvs": {"hp": 95, "atk": 65, "def": 80, "spa": 110, "spd": 110, "spe": 30}, "stats": {"hp": 300, "atk": 115, "def": 185, "spa": 236, "spd": 236, "spe": 100}, "types": ["Poison", "Psychic"]}, "Baxcalibur": {"name": "Baxcalibur", "species": "Baxcalibur", "speciesId": "baxcalibur", "gender": "F", "shiny": false, "level": 75, "moves": ["glaiverush", "iciclecrash", "iceshard", "earthquake"], "ability": "Thermal Exchange", "evs": {"hp": 81, "atk": 85, "def": 85, "spa": 85, "spd": 85, "spe": 85}, "ivs": {"hp": 31, "atk": 31, "def": 31, "spa": 31, "spd": 31, "spe": 31}, "item": "Choice Band", "teraType": "Dragon", "role": "Fast Attacker", "bvs": {"hp": 115, "atk": 145, "def": 92, "spa": 75, "spd": 86, "spe": 87}, "stats": {"hp": 295, "atk": 261, "def": 182, "spa": 156, "spd": 173, "spe": 174}, "types": ["Dragon", "Ice"]}, "Sunflora": {"name": "Sunflora", "species": "Sunflora", "speciesId": "sunflora", "gender": "M", "shiny": false, "level": 100, "moves": ["earthpower", "sunnyday", "weatherball", "solarbeam"], "ability": "Chlorophyll", "evs": {"hp": 85, "atk": 0, "def": 85, "spa": 85, "spd": 85, "spe": 85}, "ivs": {"hp": 31, "atk": 0, "def": 31, "spa": 31, "spd": 31, "spe": 31}, "item": "Life Orb", "teraType": "Fire", "role": "Setup Sweeper", "bvs": {"hp": 75, "atk": 75, "def": 55, "spa": 105, "spd": 85, "spe": 30}, "stats": {"hp": 312, "atk": 155, "def": 167, "spa": 267, "spd": 227, "spe": 117}, "types": ["Grass"]}, "Alcremie": {"name": "Alcremie", "species": "Alcremie-Rainbow-Swirl", "speciesId": "alcremie", "gender": "F", "shiny": false, "level": 90, "moves": ["psyshock", "alluringvoice", "recover", "calmmind"], "ability": "Aroma Veil", "evs": {"hp": 85, "atk": 0, "def": 85, "spa": 85, "spd": 85, "spe": 85}, "ivs": {"hp": 31, "atk": 0, "def": 31, "spa": 31, "spd": 31, "spe": 31}, "item": "Leftovers", "teraType": "Poison", "role": "Bulky Setup", "bvs": {"hp": 65, "atk": 60, "def": 75, "spa": 110, "spd": 121, "spe": 64}, "stats": {"hp": 263, "atk": 113, "def": 186, "spa": 249, "spd": 269, "spe": 167}, "types": ["Fairy"]}, "Glalie": {"name": "Glalie", "species": "Glalie", "speciesId": "glalie", "gender": "F", "shiny": false, "level": 96, "moves": ["freezedry", "earthquake", "taunt", "spikes"], "ability": "Inner Focus", "evs": {"hp": 85, "atk": 85, "def": 85, "spa": 85, "spd": 85, "spe": 85}, "ivs": {"hp": 31, "atk": 31, "def": 31, "spa": 31, "spd": 31, "spe": 31}, "item": "Heavy-Duty Boots", "teraType": "Ghost", "role": "Fast Support", "bvs": {"hp": 80, "atk": 80, "def": 80, "spa": 80, "spd": 80, "spe": 80}, "stats": {"hp": 309, "atk": 208, "def": 208, "spa": 208, "spd": 208, "spe": 208}, "types": ["Ice"]}}]}