{"id": "gen9randombattle-2641682534", "format": "[Gen 9] Random Battle", "players": ["penguinpower62", "Arceus The Llama"], "log": "|j|\u2606penguinpower62\n|j|\u2606Arceus The Llama\n|t:|1782829270\n|gametype|singles\n|player|p1|penguinpower62|265|2010\n|player|p2|Arceus The Llama|cynthia-gen4|2052\n|gen|9\n|tier|[Gen 9] Random Battle\n|rated|\n|rule|Species Clause: Limit one of each Pok\u00e9mon\n|rule|HP Percentage Mod: HP is shown in percentages\n|rule|Sleep Clause Mod: Limit one foe put to sleep\n|rule|Illusion Level Mod: Illusion disguises the Pok\u00e9mon's true level\n|\n|t:|1782829270\n|teamsize|p1|6\n|teamsize|p2|6\n|start\n|switch|p1a: Slowbro|Slowbro-Galar, L87, F|307/307\n|switch|p2a: Noivern|Noivern, L82, M|274/274\n|turn|1\n|inactive|Battle timer is ON: inactive players will automatically lose when time's up. (requested by penguinpower62)\n|\n|t:|1782829286\n|move|p2a: Noivern|Hurricane|p1a: Slowbro\n|-crit|p1a: Slowbro\n|-damage|p1a: Slowbro|171/307\n|-start|p1a: Slowbro|confusion\n|-activate|p1a: Slowbro|confusion\n|move|p1a: Slowbro|Shell Side Arm|p2a: Noivern|[anim] Shell Side Arm Special\n|-damage|p2a: Noivern|166/274\n|-hint|Special Shell Side Arm\n|\n|upkeep\n|turn|2\n|inactive|penguinpower62 has 120 seconds left.\n|\n|t:|1782829318\n|switch|p1a: Vaporeon|Vaporeon, L86, F|364/364\n|move|p2a: Noivern|Hurricane|p1a: Vaporeon|[miss]\n|-miss|p2a: Noivern|p1a: Vaporeon\n|\n|upkeep\n|turn|3\n|\n|t:|1782829328\n|switch|p2a: Clodsire|Clodsire, L81, F|343/343\n|move|p1a: Vaporeon|Roar|p2a: Clodsire\n|drag|p2a: Latias|Latias, L79, F|256/256\n|\n|upkeep\n|turn|4\n|\n|t:|1782829338\n|switch|p1a: Clefable|Clefable, L83, M|293/293\n|move|p2a: Latias|Calm Mind|p2a: Latias\n|-boost|p2a: Latias|spa|1\n|-boost|p2a: Latias|spd|1\n|\n|upkeep\n|turn|5\n|\n|t:|1782829345\n|move|p2a: Latias|Psyshock|p1a: Clefable\n|-damage|p1a: Clefable|134/293\n|move|p1a: Clefable|Thunder Wave|p2a: Latias\n|-status|p2a: Latias|par\n|\n|upkeep\n|turn|6\n|\n|t:|1782829354\n|move|p1a: Clefable|Moonblast|p2a: Latias\n|-supereffective|p2a: Latias\n|-damage|p2a: Latias|123/256 par\n|-unboost|p2a: Latias|spa|1\n|cant|p2a: Latias|par\n|\n|upkeep\n|turn|7\n|\n|t:|1782829360\n|switch|p2a: Clodsire|Clodsire, L81, F|343/343\n|move|p1a: Clefable|Moonlight|p1a: Clefable\n|-heal|p1a: Clefable|280/293\n|\n|upkeep\n|turn|8\n|\n|t:|1782829382\n|switch|p1a: Delphox|Delphox, L84, M|263/263\n|move|p2a: Clodsire|Curse|p2a: Clodsire\n|-unboost|p2a: Clodsire|spe|1\n|-boost|p2a: Clodsire|atk|1\n|-boost|p2a: Clodsire|def|1\n|\n|upkeep\n|turn|9\n|\n|t:|1782829391\n|switch|p2a: Wyrdeer|Wyrdeer, L87, M|321/321\n|-ability|p2a: Wyrdeer|Intimidate|boost\n|-unboost|p1a: Delphox|atk|1\n|move|p1a: Delphox|Fire Blast|p2a: Wyrdeer\n|-damage|p2a: Wyrdeer|165/321\n|\n|-heal|p2a: Wyrdeer|185/321|[from] item: Leftovers\n|upkeep\n|turn|10\n|\n|t:|1782829411\n|move|p1a: Delphox|Fire Blast|p2a: Wyrdeer\n|-damage|p2a: Wyrdeer|46/321\n|move|p2a: Wyrdeer|Thunder Wave|p1a: Delphox\n|-status|p1a: Delphox|par\n|\n|-heal|p2a: Wyrdeer|66/321|[from] item: Leftovers\n|upkeep\n|turn|11\n|inactive|penguinpower62 has 120 seconds left.\n|\n|t:|1782829434\n|switch|p1a: Clefable|Clefable, L83, M|280/293\n|move|p2a: Wyrdeer|Earthquake|p1a: Clefable\n|-crit|p1a: Clefable\n|-damage|p1a: Clefable|148/293\n|\n|-heal|p2a: Wyrdeer|86/321|[from] item: Leftovers\n|upkeep\n|turn|12\n|\n|t:|1782829439\n|switch|p1a: Rotom|Rotom-Mow, L87|229/229\n|move|p2a: Wyrdeer|Psychic Noise|p1a: Rotom\n|-damage|p1a: Rotom|148/229\n|-start|p1a: Rotom|move: Heal Block\n|\n|-heal|p2a: Wyrdeer|106/321|[from] item: Leftovers\n|upkeep\n|turn|13\n|\n|t:|1782829445\n|switch|p2a: Latias|Latias, L79, F|123/256 par\n|move|p1a: Rotom|Leaf Storm|p2a: Latias\n|-resisted|p2a: Latias\n|-damage|p2a: Latias|57/256 par\n|-unboost|p1a: Rotom|spa|2\n|\n|-end|p1a: Rotom|move: Heal Block\n|upkeep\n|turn|14\n|\n|t:|1782829452\n|switch|p1a: Delphox|Delphox, L84, M|263/263 par\n|move|p2a: Latias|Recover|p2a: Latias\n|-heal|p2a: Latias|185/256 par\n|\n|upkeep\n|turn|15\n|\n|t:|1782829469\n|switch|p1a: Clefable|Clefable, L83, M|148/293\n|cant|p2a: Latias|par\n|\n|upkeep\n|turn|16\n|\n|t:|1782829473\n|switch|p2a: Clodsire|Clodsire, L81, F|343/343\n|move|p1a: Clefable|Moonblast|p2a: Clodsire\n|-resisted|p2a: Clodsire\n|-damage|p2a: Clodsire|283/343\n|\n|-heal|p2a: Clodsire|304/343|[from] item: Leftovers\n|upkeep\n|turn|17\n|\n|t:|1782829489\n|move|p1a: Clefable|Fire Blast|p2a: Clodsire\n|-damage|p2a: Clodsire|218/343\n|move|p2a: Clodsire|Poison Jab|p1a: Clefable\n|-supereffective|p1a: Clefable\n|-damage|p1a: Clefable|0 fnt\n|faint|p1a: Clefable\n|\n|-heal|p2a: Clodsire|239/343|[from] item: Leftovers\n|upkeep\n|\n|t:|1782829494\n|switch|p1a: Slowbro|Slowbro-Galar, L87, F|273/307\n|turn|18\n|\n|t:|1782829502\n|switch|p2a: Wyrdeer|Wyrdeer, L87, M|106/321\n|-ability|p2a: Wyrdeer|Intimidate|boost\n|-unboost|p1a: Slowbro|atk|1\n|move|p1a: Slowbro|Shell Side Arm|p2a: Wyrdeer|[anim] Shell Side Arm Special\n|-damage|p2a: Wyrdeer|0 fnt\n|-hint|Special Shell Side Arm\n|faint|p2a: Wyrdeer\n|\n|upkeep\n|\n|t:|1782829515\n|switch|p2a: Ambipom|Ambipom, L84, M|263/263\n|turn|19\n|\n|t:|1782829534\n|switch|p1a: Vaporeon|Vaporeon, L86, F|364/364\n|move|p2a: Ambipom|Knock Off|p1a: Vaporeon\n|-damage|p1a: Vaporeon|275/364\n|-enditem|p1a: Vaporeon|Leftovers|[from] move: Knock Off|[of] p2a: Ambipom\n|\n|upkeep\n|turn|20\n|\n|t:|1782829544\n|switch|p2a: Clodsire|Clodsire, L81, F|239/343\n|move|p1a: Vaporeon|Wish|p1a: Vaporeon\n|\n|-heal|p2a: Clodsire|260/343|[from] item: Leftovers\n|upkeep\n|turn|21\n|\n|t:|1782829553\n|move|p2a: Clodsire|Poison Jab|p1a: Vaporeon\n|-damage|p1a: Vaporeon|187/364\n|move|p1a: Vaporeon|Roar|p2a: Clodsire\n|drag|p2a: Slither Wing|Slither Wing, L81|270/270\n|\n|-heal|p1a: Vaporeon|364/364|[from] move: Wish|[wisher] Vaporeon\n|upkeep\n|turn|22\n|\n|t:|1782829560\n|move|p2a: Slither Wing|U-turn|p1a: Vaporeon\n|-damage|p1a: Vaporeon|258/364\n|\n|t:|1782829562\n|-end|p2a: Slither Wing|Protosynthesis|[silent]\n|switch|p2a: Clodsire|Clodsire, L81, F|260/343|[from] U-turn\n|move|p1a: Vaporeon|Wish|p1a: Vaporeon\n|\n|-heal|p2a: Clodsire|281/343|[from] item: Leftovers\n|upkeep\n|turn|23\n|\n|t:|1782829566\n|switch|p1a: Slowbro|Slowbro-Galar, L87, F|307/307\n|move|p2a: Clodsire|Poison Jab|p1a: Slowbro\n|-resisted|p1a: Slowbro\n|-damage|p1a: Slowbro|277/307\n|\n|-heal|p1a: Slowbro|307/307|[from] move: Wish|[wisher] Vaporeon\n|-heal|p2a: Clodsire|302/343|[from] item: Leftovers\n|upkeep\n|turn|24\n|\n|t:|1782829573\n|move|p1a: Slowbro|Psychic|p2a: Clodsire\n|-supereffective|p2a: Clodsire\n|-damage|p2a: Clodsire|114/343\n|move|p2a: Clodsire|Earthquake|p1a: Slowbro\n|-supereffective|p1a: Slowbro\n|-damage|p1a: Slowbro|169/307\n|\n|-heal|p2a: Clodsire|135/343|[from] item: Leftovers\n|upkeep\n|turn|25\n|\n|t:|1782829578\n|switch|p2a: Noivern|Noivern, L82, M|166/274\n|move|p1a: Slowbro|Shell Side Arm|p2a: Noivern|[anim] Shell Side Arm Physical\n|-damage|p2a: Noivern|57/274\n|-hint|Physical Shell Side Arm\n|\n|upkeep\n|turn|26\n|\n|t:|1782829592\n|move|p2a: Noivern|Hurricane|p1a: Slowbro\n|-damage|p1a: Slowbro|85/307\n|move|p1a: Slowbro|Psychic|p2a: Noivern\n|-damage|p2a: Noivern|0 fnt\n|faint|p2a: Noivern\n|\n|upkeep\n|\n|t:|1782829597\n|switch|p2a: Ambipom|Ambipom, L84, M|263/263\n|turn|27\n|\n|t:|1782829603\n|switch|p1a: Rotom|Rotom-Mow, L87|148/229\n|-terastallize|p2a: Ambipom|Normal\n|move|p2a: Ambipom|Double-Edge|p1a: Rotom\n|-damage|p1a: Rotom|0 fnt\n|faint|p1a: Rotom\n|-damage|p2a: Ambipom|214/263|[from] Recoil\n|\n|upkeep\n|\n|t:|1782829614\n|switch|p1a: Rayquaza|Rayquaza, L72|270/270\n|-ability|p1a: Rayquaza|Air Lock\n|turn|28\n|\n|t:|1782829619\n|switch|p2a: Slither Wing|Slither Wing, L81|270/270\n|move|p1a: Rayquaza|Scale Shot|p2a: Slither Wing\n|-damage|p2a: Slither Wing|237/270\n|-damage|p2a: Slither Wing|206/270\n|-damage|p2a: Slither Wing|170/270\n|-damage|p2a: Slither Wing|140/270\n|-damage|p2a: Slither Wing|106/270\n|-hitcount|p2a: Slither Wing|5\n|-unboost|p1a: Rayquaza|def|1\n|-boost|p1a: Rayquaza|spe|1\n|\n|upkeep\n|turn|29\n|inactive|penguinpower62 has 120 seconds left.\n|\n|t:|1782829667\n|switch|p1a: Vaporeon|Vaporeon, L86, F|258/364\n|move|p2a: Slither Wing|Will-O-Wisp|p1a: Vaporeon\n|-status|p1a: Vaporeon|brn\n|\n|-damage|p1a: Vaporeon|236/364 brn|[from] brn\n|upkeep\n|turn|30\n|\n|t:|1782829674\n|move|p2a: Slither Wing|Morning Sun|p2a: Slither Wing\n|-heal|p2a: Slither Wing|241/270\n|move|p1a: Vaporeon|Wish|p1a: Vaporeon\n|\n|-damage|p1a: Vaporeon|214/364 brn|[from] brn\n|upkeep\n|turn|31\n|inactive|penguinpower62 has 120 seconds left.\n|\n|t:|1782829680\n|move|p2a: Slither Wing|U-turn|p1a: Vaporeon\n|-damage|p1a: Vaporeon|103/364 brn\n|\n|t:|1782829682\n|-end|p2a: Slither Wing|Protosynthesis|[silent]\n|switch|p2a: Clodsire|Clodsire, L81, F|135/343|[from] U-turn\n|move|p1a: Vaporeon|Scald|p2a: Clodsire\n|-heal|p2a: Clodsire|220/343|[from] ability: Water Absorb|[of] p1a: Vaporeon\n|\n|-heal|p1a: Vaporeon|285/364 brn|[from] move: Wish|[wisher] Vaporeon\n|-heal|p2a: Clodsire|241/343|[from] item: Leftovers\n|-damage|p1a: Vaporeon|263/364 brn|[from] brn\n|upkeep\n|turn|32\n|\n|t:|1782829694\n|move|p1a: Vaporeon|Wish|p1a: Vaporeon\n|move|p2a: Clodsire|Curse|p2a: Clodsire\n|-unboost|p2a: Clodsire|spe|1\n|-boost|p2a: Clodsire|atk|1\n|-boost|p2a: Clodsire|def|1\n|\n|-heal|p2a: Clodsire|262/343|[from] item: Leftovers\n|-damage|p1a: Vaporeon|241/364 brn|[from] brn\n|upkeep\n|turn|33\n|\n|t:|1782829703\n|move|p2a: Clodsire|Earthquake|p1a: Vaporeon\n|-damage|p1a: Vaporeon|75/364 brn\n|move|p1a: Vaporeon|Roar|p2a: Clodsire\n|drag|p2a: Slither Wing|Slither Wing, L81|241/270\n|\n|-heal|p1a: Vaporeon|257/364 brn|[from] move: Wish|[wisher] Vaporeon\n|-damage|p1a: Vaporeon|235/364 brn|[from] brn\n|upkeep\n|turn|34\n|\n|t:|1782829706\n|move|p2a: Slither Wing|Close Combat|p1a: Vaporeon\n|-damage|p1a: Vaporeon|22/364 brn\n|-unboost|p2a: Slither Wing|def|1\n|-unboost|p2a: Slither Wing|spd|1\n|move|p1a: Vaporeon|Wish|p1a: Vaporeon\n|\n|-damage|p1a: Vaporeon|0 fnt|[from] brn\n|faint|p1a: Vaporeon\n|upkeep\n|\n|t:|1782829727\n|switch|p1a: Delphox|Delphox, L84, M|263/263 par\n|turn|35\n|\n|t:|1782829732\n|move|p2a: Slither Wing|U-turn|p1a: Delphox\n|-damage|p1a: Delphox|157/263 par\n|\n|t:|1782829733\n|-end|p2a: Slither Wing|Protosynthesis|[silent]\n|switch|p2a: Latias|Latias, L79, F|185/256 par|[from] U-turn\n|move|p1a: Delphox|Psyshock|p2a: Latias\n|-resisted|p2a: Latias\n|-damage|p2a: Latias|134/256 par\n|\n|-heal|p1a: Delphox|263/263 par|[from] move: Wish|[wisher] Vaporeon\n|upkeep\n|turn|36\n|\n|t:|1782829749\n|move|p1a: Delphox|Psyshock|p2a: Latias\n|-resisted|p2a: Latias\n|-damage|p2a: Latias|88/256 par\n|move|p2a: Latias|Recover|p2a: Latias\n|-heal|p2a: Latias|216/256 par\n|\n|upkeep\n|turn|37\n|\n|t:|1782829761\n|switch|p1a: Slowbro|Slowbro-Galar, L87, F|187/307\n|move|p2a: Latias|Psyshock|p1a: Slowbro\n|-damage|p1a: Slowbro|90/307\n|\n|upkeep\n|turn|38\n|\n|t:|1782829768\n|cant|p2a: Latias|par\n|move|p1a: Slowbro|Shell Side Arm|p2a: Latias|[anim] Shell Side Arm Physical\n|-damage|p2a: Latias|99/256 par\n|-hint|Physical Shell Side Arm\n|\n|upkeep\n|turn|39\n|\n|t:|1782829772\n|switch|p1a: Delphox|Delphox, L84, M|263/263 par\n|cant|p2a: Latias|par\n|\n|upkeep\n|turn|40\n|\n|t:|1782829777\n|move|p1a: Delphox|Fire Blast|p2a: Latias\n|-resisted|p2a: Latias\n|-damage|p2a: Latias|48/256 par\n|move|p2a: Latias|Recover|p2a: Latias\n|-heal|p2a: Latias|176/256 par\n|\n|upkeep\n|turn|41\n|\n|t:|1782829784\n|move|p1a: Delphox|Fire Blast|p2a: Latias\n|-resisted|p2a: Latias\n|-damage|p2a: Latias|125/256 par\n|cant|p2a: Latias|par\n|\n|upkeep\n|turn|42\n|\n|t:|1782829786\n|move|p1a: Delphox|Fire Blast|p2a: Latias\n|-resisted|p2a: Latias\n|-damage|p2a: Latias|75/256 par\n|move|p2a: Latias|Recover|p2a: Latias\n|-heal|p2a: Latias|203/256 par\n|\n|upkeep\n|turn|43\n|\n|t:|1782829793\n|move|p1a: Delphox|Fire Blast|p2a: Latias\n|-resisted|p2a: Latias\n|-damage|p2a: Latias|152/256 par\n|move|p2a: Latias|Calm Mind|p2a: Latias\n|-boost|p2a: Latias|spa|1\n|-boost|p2a: Latias|spd|1\n|\n|upkeep\n|turn|44\n|\n|t:|1782829796\n|move|p1a: Delphox|Fire Blast|p2a: Latias\n|-resisted|p2a: Latias\n|-damage|p2a: Latias|118/256 par\n|move|p2a: Latias|Psyshock|p1a: Delphox\n|-resisted|p1a: Delphox\n|-damage|p1a: Delphox|173/263 par\n|\n|upkeep\n|turn|45\n|\n|t:|1782829799\n|move|p1a: Delphox|Fire Blast|p2a: Latias\n|-resisted|p2a: Latias\n|-damage|p2a: Latias|86/256 par\n|move|p2a: Latias|Recover|p2a: Latias\n|-heal|p2a: Latias|214/256 par\n|\n|upkeep\n|turn|46\n|\n|t:|1782829802\n|switch|p1a: Slowbro|Slowbro-Galar, L87, F|192/307\n|move|p2a: Latias|Psyshock|p1a: Slowbro\n|-damage|p1a: Slowbro|57/307\n|\n|upkeep\n|turn|47\n|\n|t:|1782829807\n|switch|p1a: Delphox|Delphox, L84, M|173/263 par\n|move|p2a: Latias|Psyshock|p1a: Delphox\n|-resisted|p1a: Delphox\n|-damage|p1a: Delphox|80/263 par\n|\n|upkeep\n|turn|48\n|\n|t:|1782829817\n|cant|p1a: Delphox|par\n|cant|p2a: Latias|par\n|\n|upkeep\n|turn|49\n|\n|t:|1782829823\n|move|p1a: Delphox|Psyshock|p2a: Latias\n|-resisted|p2a: Latias\n|-damage|p2a: Latias|167/256 par\n|move|p2a: Latias|Recover|p2a: Latias\n|-heal|p2a: Latias|256/256 par\n|\n|upkeep\n|turn|50\n|\n|t:|1782829831\n|move|p1a: Delphox|Psyshock|p2a: Latias\n|-resisted|p2a: Latias\n|-damage|p2a: Latias|208/256 par\n|move|p2a: Latias|Psyshock|p1a: Delphox\n|-resisted|p1a: Delphox\n|-crit|p1a: Delphox\n|-damage|p1a: Delphox|0 fnt\n|faint|p1a: Delphox\n|\n|upkeep\n|\n|t:|1782829833\n|switch|p1a: Rayquaza|Rayquaza, L72|270/270\n|-ability|p1a: Rayquaza|Air Lock\n|turn|51\n|\n|t:|1782829836\n|-terastallize|p1a: Rayquaza|Dragon\n|move|p1a: Rayquaza|Scale Shot|p2a: Latias\n|-supereffective|p2a: Latias\n|-damage|p2a: Latias|128/256 par\n|-supereffective|p2a: Latias\n|-damage|p2a: Latias|44/256 par\n|-supereffective|p2a: Latias\n|-damage|p2a: Latias|0 fnt\n|faint|p2a: Latias\n|-hitcount|p2: Latias|3\n|-unboost|p1a: Rayquaza|def|1\n|-boost|p1a: Rayquaza|spe|1\n|\n|upkeep\n|\n|t:|1782829838\n|switch|p2a: Ambipom|Ambipom, L84, M, tera:Normal|214/263\n|turn|52\n|\n|t:|1782829843\n|move|p2a: Ambipom|Fake Out|p1a: Rayquaza\n|-damage|p1a: Rayquaza|96/270\n|cant|p1a: Rayquaza|flinch\n|\n|upkeep\n|turn|53\n|\n|t:|1782829848\n|switch|p2a: Slither Wing|Slither Wing, L81|241/270\n|move|p1a: Rayquaza|Scale Shot|p2a: Slither Wing|[miss]\n|-miss|p1a: Rayquaza|p2a: Slither Wing\n|\n|upkeep\n|turn|54\n|\n|t:|1782829853\n|move|p1a: Rayquaza|Dragon Ascent|p2a: Slither Wing\n|-supereffective|p2a: Slither Wing\n|-damage|p2a: Slither Wing|0 fnt\n|-unboost|p1a: Rayquaza|def|1\n|-unboost|p1a: Rayquaza|spd|1\n|faint|p2a: Slither Wing\n|-end|p2a: Slither Wing|Protosynthesis|[silent]\n|\n|upkeep\n|\n|t:|1782829856\n|switch|p2a: Ambipom|Ambipom, L84, M, tera:Normal|214/263\n|turn|55\n|\n|t:|1782829857\n|switch|p1a: Slowbro|Slowbro-Galar, L87, F|159/307\n|move|p2a: Ambipom|Fake Out|p1a: Slowbro\n|-damage|p1a: Slowbro|69/307\n|\n|upkeep\n|turn|56\n|\n|t:|1782829865\n|move|p2a: Ambipom|Double-Edge|p1a: Slowbro\n|-damage|p1a: Slowbro|0 fnt\n|faint|p1a: Slowbro\n|-damage|p2a: Ambipom|191/263|[from] Recoil\n|\n|upkeep\n|\n|t:|1782829866\n|switch|p1a: Rayquaza|Rayquaza, L72, tera:Dragon|96/270\n|-ability|p1a: Rayquaza|Air Lock\n|turn|57\n|\n|t:|1782829870\n|switch|p2a: Clodsire|Clodsire, L81, F|262/343\n|move|p1a: Rayquaza|Scale Shot|p2a: Clodsire\n|-damage|p2a: Clodsire|212/343\n|-damage|p2a: Clodsire|156/343\n|-damage|p2a: Clodsire|108/343\n|-damage|p2a: Clodsire|56/343\n|-damage|p2a: Clodsire|8/343\n|-hitcount|p2a: Clodsire|5\n|-unboost|p1a: Rayquaza|def|1\n|-boost|p1a: Rayquaza|spe|1\n|\n|-heal|p2a: Clodsire|29/343|[from] item: Leftovers\n|upkeep\n|turn|58\n|\n|t:|1782829873\n|move|p1a: Rayquaza|Scale Shot|p2a: Clodsire\n|-damage|p2a: Clodsire|0 fnt\n|faint|p2a: Clodsire\n|-hitcount|p2: Clodsire|1\n|-unboost|p1a: Rayquaza|def|1\n|-boost|p1a: Rayquaza|spe|1\n|\n|upkeep\n|\n|t:|1782829875\n|switch|p2a: Ambipom|Ambipom, L84, M, tera:Normal|191/263\n|turn|59\n|\n|t:|1782829876\n|move|p2a: Ambipom|Fake Out|p1a: Rayquaza\n|-damage|p1a: Rayquaza|0 fnt\n|faint|p1a: Rayquaza\n|\n|win|Arceus The Llama\n", "inputlog": ">version f8ac14003a5f27e1bdc8d8c59608a773c1cb96e5\n>start {\"formatid\":\"gen9randombattle\",\"seed\":\"sodium,90479500602ac74a5a4859c05824def8\",\"rated\":\"Rated battle\"}\n>player p1 {\"name\":\"penguinpower62\",\"avatar\":\"265\",\"rating\":2010,\"seed\":\"sodium,7e46079c970084326c9682ab39b4d14d\"}\n>player p2 {\"name\":\"Arceus The Llama\",\"avatar\":\"cynthia-gen4\",\"rating\":2052,\"seed\":\"sodium,1f823aeb37fd93f3fbbb18a5be7fca5a\"}\n>p1 move shellsidearm\n>p2 move hurricane\n>p1 switch 2\n>p2 move hurricane\n>p1 move roar\n>p2 switch 6\n>p1 switch 3\n>p2 move calmmind\n>p1 move thunderwave\n>p2 move psyshock\n>p1 move moonblast\n>p2 move psyshock\n>p1 move moonlight\n>p2 switch 2\n>p1 switch 5\n>p2 move curse\n>p1 move fireblast\n>p2 switch 4\n>p1 move fireblast\n>p2 move thunderwave\n>p1 switch 5\n>p2 move earthquake\n>p1 switch 4\n>p2 move psychicnoise\n>p1 move leafstorm\n>p2 switch 2\n>p1 switch 5\n>p2 move recover\n>p1 switch 4\n>p2 move calmmind\n>p1 move moonblast\n>p2 switch 4\n>p1 move fireblast\n>p2 move poisonjab\n>p1 switch 2\n>p1 move shellsidearm\n>p2 switch 2\n>p2 switch 5\n>p1 switch 3\n>p2 move knockoff\n>p1 move wish\n>p2 switch 2\n>p1 move roar\n>p2 move poisonjab\n>p1 move wish\n>p2 move uturn\n>p2 switch 3\n>p1 switch 3\n>p2 move poisonjab\n>p1 move psychic\n>p2 move earthquake\n>p1 move shellsidearm\n>p2 switch 6\n>p1 move psychic\n>p2 move hurricane\n>p2 switch 2\n>p1 switch 5\n>p2 move doubleedge terastallize\n>p1 switch 6\n>p1 move scaleshot\n>p2 switch 3\n>p1 switch 3\n>p2 move willowisp\n>p1 move wish\n>p2 move morningsun\n>p1 move scald\n>p2 move uturn\n>p2 switch 6\n>p1 move wish\n>p2 move curse\n>p1 move roar\n>p2 move earthquake\n>p1 move wish\n>p2 move closecombat\n>p1 switch 4\n>p1 move psyshock\n>p2 move uturn\n>p2 switch 4\n>p1 move psyshock\n>p2 move recover\n>p1 switch 5\n>p2 move psyshock\n>p1 move shellsidearm\n>p2 move psyshock\n>p1 switch 5\n>p2 move psyshock\n>p1 move fireblast\n>p2 move recover\n>p1 move fireblast\n>p2 move psyshock\n>p1 move fireblast\n>p2 move recover\n>p1 move fireblast\n>p2 move calmmind\n>p1 move fireblast\n>p2 move psyshock\n>p1 move fireblast\n>p2 move recover\n>p1 switch 5\n>p2 move psyshock\n>p1 switch 5\n>p2 move psyshock\n>p1 move psyshock\n>p2 move recover\n>p1 move psyshock\n>p2 move recover\n>p1 move psyshock\n>p2 move psyshock\n>p1 switch 3\n>p1 move scaleshot terastallize\n>p2 move psyshock\n>p2 switch 3\n>p1 move scaleshot\n>p2 move fakeout\n>p1 move scaleshot\n>p2 switch 4\n>p1 move dragonascent\n>p2 move uturn\n>p2 switch 4\n>p1 switch 5\n>p2 move fakeout\n>p1 move shellsidearm\n>p2 move doubleedge\n>p1 switch 5\n>p1 move scaleshot\n>p2 switch 6\n>p1 move scaleshot\n>p2 move poisonjab\n>p2 switch 6\n>p1 move dragonascent\n>p2 move fakeout", "uploadtime": 1782829272, "views": 6, "formatid": "gen9randombattle", "rating": null, "private": 0, "password": null, "player_dets": [{"name": "penguinpower62", "avatar": "265", "rating": 2010, "seed": "sodium,7e46079c970084326c9682ab39b4d14d"}, {"name": "Arceus The Llama", "avatar": "cynthia-gen4", "rating": 2052, "seed": "sodium,1f823aeb37fd93f3fbbb18a5be7fca5a"}], "teams_full": [{"Slowbro": {"name": "Slowbro", "species": "Slowbro-Galar", "speciesId": "slowbrogalar", "gender": "F", "shiny": false, "level": 87, "moves": ["psychic", "earthquake", "fireblast", "shellsidearm"], "ability": "Regenerator", "evs": {"hp": 85, "atk": 85, "def": 85, "spa": 85, "spd": 85, "spe": 85}, "ivs": {"hp": 31, "atk": 31, "def": 31, "spa": 31, "spd": 31, "spe": 31}, "item": "Assault Vest", "teraType": "Ground", "role": "AV Pivot", "bvs": {"hp": 95, "atk": 100, "def": 95, "spa": 100, "spd": 70, "spe": 30}, "stats": {"hp": 307, "atk": 224, "def": 215, "spa": 224, "spd": 172, "spe": 102}, "types": ["Poison", "Psychic"]}, "Vaporeon": {"name": "Vaporeon", "species": "Vaporeon", "speciesId": "vaporeon", "gender": "F", "shiny": false, "level": 86, "moves": ["protect", "scald", "roar", "wish"], "ability": "Water Absorb", "evs": {"hp": 85, "atk": 0, "def": 85, "spa": 85, "spd": 85, "spe": 85}, "ivs": {"hp": 31, "atk": 0, "def": 31, "spa": 31, "spd": 31, "spe": 31}, "item": "Leftovers", "teraType": "Ghost", "role": "Bulky Attacker", "bvs": {"hp": 130, "atk": 65, "def": 60, "spa": 110, "spd": 95, "spe": 65}, "stats": {"hp": 364, "atk": 116, "def": 152, "spa": 238, "spd": 213, "spe": 161}, "types": ["Water"]}, "Clefable": {"name": "Clefable", "species": "Clefable", "speciesId": "clefable", "gender": "M", "shiny": false, "level": 83, "moves": ["moonlight", "fireblast", "thunderwave", "moonblast"], "ability": "Magic Guard", "evs": {"hp": 85, "atk": 0, "def": 85, "spa": 85, "spd": 85, "spe": 85}, "ivs": {"hp": 31, "atk": 0, "def": 31, "spa": 31, "spd": 31, "spe": 31}, "item": "Life Orb", "teraType": "Poison", "role": "Bulky Support", "bvs": {"hp": 95, "atk": 70, "def": 73, "spa": 95, "spd": 90, "spe": 60}, "stats": {"hp": 293, "atk": 121, "def": 169, "spa": 205, "spd": 197, "spe": 147}, "types": ["Fairy"]}, "Rotom": {"name": "Rotom", "species": "Rotom-Mow", "speciesId": "rotommow", "gender": "N", "shiny": false, "level": 87, "moves": ["trick", "thunderbolt", "leafstorm", "voltswitch"], "ability": "Levitate", "evs": {"hp": 85, "atk": 0, "def": 85, "spa": 85, "spd": 85, "spe": 85}, "ivs": {"hp": 31, "atk": 0, "def": 31, "spa": 31, "spd": 31, "spe": 31}, "item": "Choice Scarf", "teraType": "Electric", "role": "Bulky Attacker", "bvs": {"hp": 50, "atk": 65, "def": 107, "spa": 105, "spd": 107, "spe": 86}, "stats": {"hp": 229, "atk": 118, "def": 236, "spa": 232, "spd": 236, "spe": 199}, "types": ["Electric", "Grass"]}, "Delphox": {"name": "Delphox", "species": "Delphox", "speciesId": "delphox", "gender": "M", "shiny": false, "level": 84, "moves": ["focusblast", "grassknot", "fireblast", "psyshock"], "ability": "Blaze", "evs": {"hp": 85, "atk": 0, "def": 85, "spa": 85, "spd": 85, "spe": 85}, "ivs": {"hp": 31, "atk": 0, "def": 31, "spa": 31, "spd": 31, "spe": 31}, "item": "Choice Scarf", "teraType": "Grass", "role": "Fast Attacker", "bvs": {"hp": 75, "atk": 69, "def": 72, "spa": 114, "spd": 100, "spe": 104}, "stats": {"hp": 263, "atk": 120, "def": 169, "spa": 240, "spd": 216, "spe": 223}, "types": ["Fire", "Psychic"]}, "Rayquaza": {"name": "Rayquaza", "species": "Rayquaza", "speciesId": "rayquaza", "gender": "N", "shiny": false, "level": 72, "moves": ["scaleshot", "swordsdance", "dragonascent", "earthquake"], "ability": "Air Lock", "evs": {"hp": 85, "atk": 85, "def": 85, "spa": 85, "spd": 85, "spe": 85}, "ivs": {"hp": 31, "atk": 31, "def": 31, "spa": 31, "spd": 31, "spe": 31}, "item": "Loaded Dice", "teraType": "Dragon", "role": "Fast Bulky Setup", "bvs": {"hp": 105, "atk": 150, "def": 90, "spa": 150, "spd": 90, "spe": 95}, "stats": {"hp": 270, "atk": 258, "def": 172, "spa": 258, "spd": 172, "spe": 179}, "types": ["Dragon", "Flying"]}}, {"Noivern": {"name": "Noivern", "species": "Noivern", "speciesId": "noivern", "gender": "M", "shiny": false, "level": 82, "moves": ["flamethrower", "defog", "dracometeor", "hurricane"], "ability": "Infiltrator", "evs": {"hp": 85, "atk": 0, "def": 85, "spa": 85, "spd": 85, "spe": 85}, "ivs": {"hp": 31, "atk": 0, "def": 31, "spa": 31, "spd": 31, "spe": 31}, "item": "Heavy-Duty Boots", "teraType": "Fire", "role": "Fast Support", "bvs": {"hp": 85, "atk": 70, "def": 80, "spa": 97, "spd": 80, "spe": 123}, "stats": {"hp": 274, "atk": 119, "def": 178, "spa": 206, "spd": 178, "spe": 249}, "types": ["Flying", "Dragon"]}, "Latias": {"name": "Latias", "species": "Latias", "speciesId": "latias", "gender": "F", "shiny": false, "level": 79, "moves": ["calmmind", "dracometeor", "psyshock", "recover"], "ability": "Levitate", "evs": {"hp": 85, "atk": 0, "def": 85, "spa": 85, "spd": 85, "spe": 85}, "ivs": {"hp": 31, "atk": 0, "def": 31, "spa": 31, "spd": 31, "spe": 31}, "item": "Soul Dew", "teraType": "Steel", "role": "Fast Bulky Setup", "bvs": {"hp": 80, "atk": 80, "def": 90, "spa": 110, "spd": 130, "spe": 110}, "stats": {"hp": 256, "atk": 131, "def": 188, "spa": 219, "spd": 251, "spe": 219}, "types": ["Dragon", "Psychic"]}, "Slither Wing": {"name": "Slither Wing", "species": "Slither Wing", "speciesId": "slitherwing", "gender": "N", "shiny": false, "level": 81, "moves": ["uturn", "morningsun", "closecombat", "willowisp"], "ability": "Protosynthesis", "evs": {"hp": 85, "atk": 85, "def": 85, "spa": 85, "spd": 85, "spe": 85}, "ivs": {"hp": 31, "atk": 31, "def": 31, "spa": 31, "spd": 31, "spe": 31}, "item": "Heavy-Duty Boots", "teraType": "Steel", "role": "Fast Support", "bvs": {"hp": 85, "atk": 135, "def": 79, "spa": 85, "spd": 105, "spe": 81}, "stats": {"hp": 270, "atk": 265, "def": 175, "spa": 184, "spd": 217, "spe": 178}, "types": ["Bug", "Fighting"]}, "Wyrdeer": {"name": "Wyrdeer", "species": "Wyrdeer", "speciesId": "wyrdeer", "gender": "M", "shiny": false, "level": 87, "moves": ["earthquake", "thunderwave", "megahorn", "psychicnoise"], "ability": "Intimidate", "evs": {"hp": 85, "atk": 85, "def": 85, "spa": 85, "spd": 85, "spe": 85}, "ivs": {"hp": 31, "atk": 31, "def": 31, "spa": 31, "spd": 31, "spe": 31}, "item": "Leftovers", "teraType": "Ground", "role": "Bulky Attacker", "bvs": {"hp": 103, "atk": 105, "def": 72, "spa": 105, "spd": 75, "spe": 65}, "stats": {"hp": 321, "atk": 232, "def": 175, "spa": 232, "spd": 180, "spe": 163}, "types": ["Normal", "Psychic"]}, "Ambipom": {"name": "Ambipom", "species": "Ambipom", "speciesId": "ambipom", "gender": "M", "shiny": false, "level": 84, "moves": ["knockoff", "fakeout", "lowkick", "doubleedge"], "ability": "Technician", "evs": {"hp": 85, "atk": 85, "def": 85, "spa": 85, "spd": 85, "spe": 85}, "ivs": {"hp": 31, "atk": 31, "def": 31, "spa": 31, "spd": 31, "spe": 31}, "item": "Silk Scarf", "teraType": "Normal", "role": "Wallbreaker", "bvs": {"hp": 75, "atk": 100, "def": 66, "spa": 60, "spd": 66, "spe": 115}, "stats": {"hp": 263, "atk": 216, "def": 159, "spa": 149, "spd": 159, "spe": 241}, "types": ["Normal"]}, "Clodsire": {"name": "Clodsire", "species": "Clodsire", "speciesId": "clodsire", "gender": "F", "shiny": false, "level": 81, "moves": ["earthquake", "poisonjab", "recover", "curse"], "ability": "Water Absorb", "evs": {"hp": 85, "atk": 85, "def": 85, "spa": 85, "spd": 85, "spe": 85}, "ivs": {"hp": 31, "atk": 31, "def": 31, "spa": 31, "spd": 31, "spe": 31}, "item": "Leftovers", "teraType": "Steel", "role": "Bulky Attacker", "bvs": {"hp": 130, "atk": 75, "def": 60, "spa": 45, "spd": 100, "spe": 20}, "stats": {"hp": 343, "atk": 168, "def": 144, "spa": 120, "spd": 209, "spe": 79}, "types": ["Poison", "Ground"]}}]}