{"id": "gen9randombattle-2641565949", "format": "[Gen 9] Random Battle", "players": ["Jadasteel", "Reulsen"], "log": "|j|\u2606Jadasteel\n|j|\u2606Reulsen\n|t:|1782809345\n|gametype|singles\n|player|p1|Jadasteel|fantina|2063\n|player|p2|Reulsen|red|2118\n|gen|9\n|tier|[Gen 9] Random Battle\n|rated|\n|rule|Species Clause: Limit one of each Pok\u00e9mon\n|rule|HP Percentage Mod: HP is shown in percentages\n|rule|Sleep Clause Mod: Limit one foe put to sleep\n|rule|Illusion Level Mod: Illusion disguises the Pok\u00e9mon's true level\n|\n|t:|1782809345\n|teamsize|p1|6\n|teamsize|p2|6\n|start\n|switch|p1a: Dudunsparce|Dudunsparce-Three-Segment, L83, M|343/343\n|switch|p2a: Flareon|Flareon, L90, M|263/263\n|turn|1\n|inactive|Battle timer is ON: inactive players will automatically lose when time's up. (requested by Jadasteel)\n|\n|t:|1782809367\n|switch|p2a: Chansey|Chansey, L85, F|564/564\n|switch|p1a: Wyrdeer|Wyrdeer, L87, M|321/321\n|-ability|p1a: Wyrdeer|Intimidate|boost\n|-unboost|p2a: Chansey|atk|1\n|\n|upkeep\n|turn|2\n|\n|t:|1782809377\n|move|p1a: Wyrdeer|Body Slam|p2a: Chansey\n|-damage|p2a: Chansey|324/564\n|move|p2a: Chansey|Thunder Wave|p1a: Wyrdeer\n|-status|p1a: Wyrdeer|par\n|\n|upkeep\n|turn|3\n|\n|t:|1782809386\n|move|p2a: Chansey|Stealth Rock|p1a: Wyrdeer\n|-sidestart|p1: Jadasteel|move: Stealth Rock\n|move|p1a: Wyrdeer|Body Slam|p2a: Chansey\n|-damage|p2a: Chansey|77/564\n|\n|upkeep\n|turn|4\n|\n|t:|1782809394\n|move|p2a: Chansey|Soft-Boiled|p2a: Chansey\n|-heal|p2a: Chansey|359/564\n|move|p1a: Wyrdeer|Body Slam|p2a: Chansey\n|-damage|p2a: Chansey|115/564\n|\n|upkeep\n|turn|5\n|\n|t:|1782809400\n|move|p2a: Chansey|Soft-Boiled|p2a: Chansey\n|-heal|p2a: Chansey|397/564\n|cant|p1a: Wyrdeer|par\n|\n|upkeep\n|turn|6\n|\n|t:|1782809408\n|move|p2a: Chansey|Seismic Toss|p1a: Wyrdeer\n|-damage|p1a: Wyrdeer|236/321 par\n|move|p1a: Wyrdeer|Body Slam|p2a: Chansey\n|-damage|p2a: Chansey|183/564\n|-status|p2a: Chansey|par\n|\n|upkeep\n|turn|7\n|\n|t:|1782809430\n|-curestatus|p2a: Chansey|par|[from] ability: Natural Cure|[silent]\n|switch|p2a: Registeel|Registeel, L81|262/262\n|move|p1a: Wyrdeer|Psychic Noise|p2a: Registeel\n|-resisted|p2a: Registeel\n|-damage|p2a: Registeel|229/262\n|-start|p2a: Registeel|move: Heal Block\n|\n|upkeep\n|turn|8\n|\n|t:|1782809441\n|switch|p1a: Wo-Chien|Wo-Chien, L83|277/277\n|-damage|p1a: Wo-Chien|243/277|[from] Stealth Rock\n|-ability|p1a: Wo-Chien|Tablets of Ruin\n|move|p2a: Registeel|Body Press|p1a: Wo-Chien\n|-supereffective|p1a: Wo-Chien\n|-damage|p1a: Wo-Chien|139/277\n|\n|-heal|p1a: Wo-Chien|156/277|[from] item: Leftovers\n|-end|p2a: Registeel|move: Heal Block\n|upkeep\n|turn|9\n|\n|t:|1782809463\n|-terastallize|p1a: Wo-Chien|Poison\n|move|p1a: Wo-Chien|Leech Seed|p2a: Registeel\n|-start|p2a: Registeel|move: Leech Seed\n|move|p2a: Registeel|Body Press|p1a: Wo-Chien\n|-resisted|p1a: Wo-Chien\n|-damage|p1a: Wo-Chien|131/277\n|\n|-heal|p1a: Wo-Chien|148/277|[from] item: Leftovers\n|-damage|p2a: Registeel|197/262|[from] Leech Seed|[of] p1a: Wo-Chien\n|-heal|p1a: Wo-Chien|180/277|[silent]\n|upkeep\n|turn|10\n|\n|t:|1782809476\n|switch|p2a: Braviary|Braviary-Hisui, L85, M|326/326\n|move|p1a: Wo-Chien|Knock Off|p2a: Braviary\n|-supereffective|p2a: Braviary\n|-damage|p2a: Braviary|126/326\n|-enditem|p2a: Braviary|Heavy-Duty Boots|[from] move: Knock Off|[of] p1a: Wo-Chien\n|\n|-heal|p1a: Wo-Chien|197/277|[from] item: Leftovers\n|upkeep\n|turn|11\n|\n|t:|1782809490\n|move|p1a: Wo-Chien|Knock Off|p2a: Braviary\n|-supereffective|p2a: Braviary\n|-damage|p2a: Braviary|0 fnt\n|faint|p2a: Braviary\n|\n|-heal|p1a: Wo-Chien|214/277|[from] item: Leftovers\n|upkeep\n|\n|t:|1782809503\n|switch|p2a: Gardevoir|Gardevoir, L83, F|249/249\n|-ability|p2a: Gardevoir|Tablets of Ruin|Trace|[from] ability: Trace|[of] p1a: Wo-Chien\n|-ability|p2a: Gardevoir|Tablets of Ruin\n|turn|12\n|\n|t:|1782809511\n|move|p1a: Wo-Chien|Protect|p1a: Wo-Chien\n|-singleturn|p1a: Wo-Chien|Protect\n|move|p2a: Gardevoir|Psyshock|p1a: Wo-Chien\n|-activate|p1a: Wo-Chien|move: Protect\n|\n|-heal|p1a: Wo-Chien|231/277|[from] item: Leftovers\n|upkeep\n|turn|13\n|\n|t:|1782809519\n|switch|p1a: Wyrdeer|Wyrdeer, L87, M|236/321 par\n|-damage|p1a: Wyrdeer|196/321 par|[from] Stealth Rock\n|-ability|p1a: Wyrdeer|Intimidate|boost\n|-unboost|p2a: Gardevoir|atk|1\n|move|p2a: Gardevoir|Psyshock|p1a: Wyrdeer\n|-resisted|p1a: Wyrdeer\n|-damage|p1a: Wyrdeer|135/321 par\n|\n|upkeep\n|turn|14\n|\n|t:|1782809534\n|switch|p2a: Flareon|Flareon, L90, M|263/263\n|move|p1a: Wyrdeer|Body Slam|p2a: Flareon\n|-damage|p2a: Flareon|140/263\n|-status|p2a: Flareon|par\n|\n|upkeep\n|turn|15\n|\n|t:|1782809544\n|move|p2a: Flareon|Flare Blitz|p1a: Wyrdeer\n|-damage|p1a: Wyrdeer|0 fnt\n|faint|p1a: Wyrdeer\n|-damage|p2a: Flareon|95/263 par|[from] Recoil\n|\n|upkeep\n|\n|t:|1782809552\n|switch|p1a: Wo-Chien|Wo-Chien, L83, tera:Poison|231/277\n|-damage|p1a: Wo-Chien|197/277|[from] Stealth Rock\n|-ability|p1a: Wo-Chien|Tablets of Ruin\n|turn|16\n|\n|t:|1782809558\n|move|p1a: Wo-Chien|Knock Off|p2a: Flareon\n|-damage|p2a: Flareon|0 fnt\n|-enditem|p2a: Flareon|Toxic Orb|[from] move: Knock Off|[of] p1a: Wo-Chien\n|faint|p2a: Flareon\n|\n|-heal|p1a: Wo-Chien|214/277|[from] item: Leftovers\n|upkeep\n|\n|t:|1782809563\n|switch|p2a: Gardevoir|Gardevoir, L83, F|249/249\n|-ability|p2a: Gardevoir|Tablets of Ruin|Trace|[from] ability: Trace|[of] p1a: Wo-Chien\n|-ability|p2a: Gardevoir|Tablets of Ruin\n|turn|17\n|\n|t:|1782809567\n|move|p1a: Wo-Chien|Protect|p1a: Wo-Chien\n|-singleturn|p1a: Wo-Chien|Protect\n|move|p2a: Gardevoir|Trick|p1a: Wo-Chien\n|-activate|p1a: Wo-Chien|move: Protect\n|\n|-heal|p1a: Wo-Chien|231/277|[from] item: Leftovers\n|upkeep\n|turn|18\n|\n|t:|1782809575\n|switch|p1a: Okidogi|Okidogi, L77, M|262/262\n|-damage|p1a: Okidogi|246/262|[from] Stealth Rock\n|move|p2a: Gardevoir|Trick|p1a: Okidogi\n|-activate|p2a: Gardevoir|move: Trick|[of] p1a: Okidogi\n|-item|p1a: Okidogi|Choice Scarf|[from] move: Trick\n|-item|p2a: Gardevoir|Assault Vest|[from] move: Trick\n|\n|upkeep\n|turn|19\n|\n|t:|1782809596\n|switch|p2a: Registeel|Registeel, L81|197/262\n|move|p1a: Okidogi|High Horsepower|p2a: Registeel\n|-supereffective|p2a: Registeel\n|-damage|p2a: Registeel|109/262\n|\n|upkeep\n|turn|20\n|\n|t:|1782809605\n|move|p1a: Okidogi|High Horsepower|p2a: Registeel\n|-supereffective|p2a: Registeel\n|-damage|p2a: Registeel|17/262\n|move|p2a: Registeel|Rest|p2a: Registeel\n|-status|p2a: Registeel|slp|[from] move: Rest\n|-heal|p2a: Registeel|262/262 slp|[silent]\n|-enditem|p2a: Registeel|Chesto Berry|[eat]\n|-curestatus|p2a: Registeel|slp|[msg]\n|\n|upkeep\n|turn|21\n|\n|t:|1782809614\n|switch|p1a: Wo-Chien|Wo-Chien, L83, tera:Poison|231/277\n|-damage|p1a: Wo-Chien|197/277|[from] Stealth Rock\n|-ability|p1a: Wo-Chien|Tablets of Ruin\n|move|p2a: Registeel|Iron Defense|p2a: Registeel\n|-boost|p2a: Registeel|def|2\n|\n|-heal|p1a: Wo-Chien|214/277|[from] item: Leftovers\n|upkeep\n|turn|22\n|\n|t:|1782809624\n|move|p1a: Wo-Chien|Leech Seed|p2a: Registeel\n|-start|p2a: Registeel|move: Leech Seed\n|move|p2a: Registeel|Body Press|p1a: Wo-Chien\n|-resisted|p1a: Wo-Chien\n|-damage|p1a: Wo-Chien|161/277\n|\n|-heal|p1a: Wo-Chien|178/277|[from] item: Leftovers\n|-damage|p2a: Registeel|230/262|[from] Leech Seed|[of] p1a: Wo-Chien\n|-heal|p1a: Wo-Chien|210/277|[silent]\n|upkeep\n|turn|23\n|\n|t:|1782809643\n|switch|p2a: Gardevoir|Gardevoir, L83, F|249/249\n|-ability|p2a: Gardevoir|Tablets of Ruin|Trace|[from] ability: Trace|[of] p1a: Wo-Chien\n|-ability|p2a: Gardevoir|Tablets of Ruin\n|move|p1a: Wo-Chien|Ruination|p2a: Gardevoir\n|-damage|p2a: Gardevoir|125/249\n|\n|-heal|p1a: Wo-Chien|227/277|[from] item: Leftovers\n|upkeep\n|turn|24\n|\n|t:|1782809658\n|move|p2a: Gardevoir|Psyshock|p1a: Wo-Chien\n|-supereffective|p1a: Wo-Chien\n|-damage|p1a: Wo-Chien|51/277\n|move|p1a: Wo-Chien|Knock Off|p2a: Gardevoir\n|-damage|p2a: Gardevoir|16/249\n|-enditem|p2a: Gardevoir|Assault Vest|[from] move: Knock Off|[of] p1a: Wo-Chien\n|\n|-heal|p1a: Wo-Chien|68/277|[from] item: Leftovers\n|upkeep\n|turn|25\n|\n|t:|1782809670\n|move|p2a: Gardevoir|Psyshock|p1a: Wo-Chien\n|-supereffective|p1a: Wo-Chien\n|-damage|p1a: Wo-Chien|0 fnt\n|faint|p1a: Wo-Chien\n|\n|upkeep\n|\n|t:|1782809674\n|switch|p1a: Okidogi|Okidogi, L77, M|246/262\n|-damage|p1a: Okidogi|230/262|[from] Stealth Rock\n|turn|26\n|\n|t:|1782809684\n|move|p1a: Okidogi|Drain Punch|p2a: Gardevoir\n|-resisted|p2a: Gardevoir\n|-damage|p2a: Gardevoir|0 fnt\n|-heal|p1a: Okidogi|238/262|[from] drain|[of] p2a: Gardevoir\n|faint|p2a: Gardevoir\n|\n|upkeep\n|\n|t:|1782809696\n|switch|p2a: Registeel|Registeel, L81|230/262\n|turn|27\n|\n|t:|1782809698\n|move|p1a: Okidogi|Drain Punch|p2a: Registeel\n|-supereffective|p2a: Registeel\n|-damage|p2a: Registeel|114/262\n|-heal|p1a: Okidogi|262/262|[from] drain|[of] p2a: Registeel\n|move|p2a: Registeel|Iron Defense|p2a: Registeel\n|-boost|p2a: Registeel|def|2\n|\n|upkeep\n|turn|28\n|\n|t:|1782809705\n|move|p1a: Okidogi|Drain Punch|p2a: Registeel\n|-supereffective|p2a: Registeel\n|-damage|p2a: Registeel|52/262\n|move|p2a: Registeel|Rest|p2a: Registeel\n|-status|p2a: Registeel|slp|[from] move: Rest\n|-heal|p2a: Registeel|262/262 slp|[silent]\n|\n|upkeep\n|turn|29\n|\n|t:|1782809709\n|switch|p1a: Medicham|Medicham, L86, F|243/243\n|-damage|p1a: Medicham|228/243|[from] Stealth Rock\n|cant|p2a: Registeel|slp\n|\n|upkeep\n|turn|30\n|\n|t:|1782809726\n|-terastallize|p2a: Registeel|Fighting\n|move|p1a: Medicham|Close Combat|p2a: Registeel\n|-damage|p2a: Registeel|172/262 slp\n|-unboost|p1a: Medicham|def|1\n|-unboost|p1a: Medicham|spd|1\n|cant|p2a: Registeel|slp\n|\n|upkeep\n|turn|31\n|\n|t:|1782809740\n|switch|p1a: Okidogi|Okidogi, L77, M|262/262\n|-damage|p1a: Okidogi|246/262|[from] Stealth Rock\n|-curestatus|p2a: Registeel|slp|[msg]\n|move|p2a: Registeel|Body Press|p1a: Okidogi\n|-resisted|p1a: Okidogi\n|-damage|p1a: Okidogi|140/262\n|\n|upkeep\n|turn|32\n|\n|t:|1782809748\n|move|p1a: Okidogi|Gunk Shot|p2a: Registeel\n|-damage|p2a: Registeel|124/262\n|move|p2a: Registeel|Iron Defense|p2a: Registeel\n|-boost|p2a: Registeel|def|2\n|\n|upkeep\n|turn|33\n|\n|t:|1782809755\n|move|p1a: Okidogi|Gunk Shot|p2a: Registeel\n|-damage|p2a: Registeel|96/262\n|-status|p2a: Registeel|psn\n|move|p2a: Registeel|Iron Defense|p2a: Registeel\n|-boost|p2a: Registeel|def|2\n|\n|-damage|p2a: Registeel|64/262 psn|[from] psn\n|upkeep\n|turn|34\n|\n|t:|1782809764\n|move|p1a: Okidogi|Gunk Shot|p2a: Registeel|[miss]\n|-miss|p1a: Okidogi|p2a: Registeel\n|move|p2a: Registeel|Rest|p2a: Registeel\n|-status|p2a: Registeel|slp|[from] move: Rest\n|-heal|p2a: Registeel|262/262 slp|[silent]\n|\n|upkeep\n|turn|35\n|\n|t:|1782809768\n|switch|p1a: Goodra|Goodra, L85, M|292/292\n|-damage|p1a: Goodra|256/292|[from] Stealth Rock\n|cant|p2a: Registeel|slp\n|\n|upkeep\n|turn|36\n|\n|t:|1782809774\n|cant|p2a: Registeel|slp\n|move|p1a: Goodra|Dragon Tail|p2a: Registeel\n|-damage|p2a: Registeel|249/262 slp\n|drag|p2a: Minun|Minun, L95, M|268/268\n|\n|upkeep\n|turn|37\n|\n|t:|1782809796\n|switch|p2a: Registeel|Registeel, L81, tera:Fighting|249/262 slp\n|move|p1a: Goodra|Power Whip|p2a: Registeel\n|-damage|p2a: Registeel|193/262 slp\n|\n|upkeep\n|turn|38\n|\n|t:|1782809806\n|move|p1a: Goodra|Fire Blast|p2a: Registeel\n|-damage|p2a: Registeel|135/262 slp\n|-curestatus|p2a: Registeel|slp|[msg]\n|move|p2a: Registeel|Iron Defense|p2a: Registeel\n|-boost|p2a: Registeel|def|2\n|\n|upkeep\n|turn|39\n|\n|t:|1782809820\n|move|p1a: Goodra|Draco Meteor|p2a: Registeel\n|-damage|p2a: Registeel|30/262\n|-unboost|p1a: Goodra|spa|2\n|move|p2a: Registeel|Body Press|p1a: Goodra\n|-damage|p1a: Goodra|0 fnt\n|faint|p1a: Goodra\n|\n|upkeep\n|\n|t:|1782809828\n|switch|p1a: Okidogi|Okidogi, L77, M|140/262\n|-damage|p1a: Okidogi|124/262|[from] Stealth Rock\n|turn|40\n|\n|t:|1782809834\n|move|p1a: Okidogi|Drain Punch|p2a: Registeel\n|-damage|p2a: Registeel|0 fnt\n|-heal|p1a: Okidogi|139/262|[from] drain|[of] p2a: Registeel\n|faint|p2a: Registeel\n|\n|upkeep\n|\n|t:|1782809841\n|switch|p2a: Minun|Minun, L95, M|268/268\n|turn|41\n|\n|t:|1782809849\n|move|p1a: Okidogi|Drain Punch|p2a: Minun\n|-damage|p2a: Minun|165/268\n|-heal|p1a: Okidogi|191/262|[from] drain|[of] p2a: Minun\n|-status|p2a: Minun|tox|[from] ability: Toxic Chain|[of] p1a: Okidogi\n|move|p2a: Minun|Thunderbolt|p1a: Okidogi\n|-damage|p1a: Okidogi|35/262\n|-status|p1a: Okidogi|par\n|-damage|p2a: Minun|139/268 tox|[from] item: Life Orb\n|\n|-damage|p2a: Minun|123/268 tox|[from] psn\n|upkeep\n|turn|42\n|\n|t:|1782809858\n|move|p2a: Minun|Thunderbolt|p1a: Okidogi\n|-damage|p1a: Okidogi|0 fnt\n|faint|p1a: Okidogi\n|-damage|p2a: Minun|97/268 tox|[from] item: Life Orb\n|\n|-damage|p2a: Minun|65/268 tox|[from] psn\n|upkeep\n|\n|t:|1782809869\n|switch|p1a: Dudunsparce|Dudunsparce-Three-Segment, L83, M|343/343\n|-damage|p1a: Dudunsparce|301/343|[from] Stealth Rock\n|turn|43\n|\n|t:|1782809877\n|switch|p2a: Chansey|Chansey, L85, F|183/564\n|move|p1a: Dudunsparce|Boomburst|p2a: Chansey\n|-damage|p2a: Chansey|104/564\n|\n|-heal|p1a: Dudunsparce|322/343|[from] item: Leftovers\n|upkeep\n|turn|44\n|\n|t:|1782809884\n|move|p1a: Dudunsparce|Boomburst|p2a: Chansey\n|-damage|p2a: Chansey|29/564\n|move|p2a: Chansey|Thunder Wave|p1a: Dudunsparce\n|-status|p1a: Dudunsparce|par\n|\n|-heal|p1a: Dudunsparce|343/343 par|[from] item: Leftovers\n|upkeep\n|turn|45\n|\n|t:|1782809891\n|switch|p1a: Medicham|Medicham, L86, F|228/243\n|-damage|p1a: Medicham|213/243|[from] Stealth Rock\n|move|p2a: Chansey|Soft-Boiled|p2a: Chansey\n|-heal|p2a: Chansey|311/564\n|\n|upkeep\n|turn|46\n|\n|t:|1782809899\n|move|p1a: Medicham|Close Combat|p2a: Chansey\n|-supereffective|p2a: Chansey\n|-damage|p2a: Chansey|0 fnt\n|-unboost|p1a: Medicham|def|1\n|-unboost|p1a: Medicham|spd|1\n|faint|p2a: Chansey\n|\n|upkeep\n|\n|t:|1782809902\n|switch|p2a: Minun|Minun, L95, M|65/268 tox\n|turn|47\n|\n|t:|1782809906\n|switch|p1a: Dudunsparce|Dudunsparce-Three-Segment, L83, M|343/343 par\n|-damage|p1a: Dudunsparce|301/343 par|[from] Stealth Rock\n|move|p2a: Minun|Thunderbolt|p1a: Dudunsparce\n|-damage|p1a: Dudunsparce|153/343 par\n|-damage|p2a: Minun|39/268 tox|[from] item: Life Orb\n|\n|-heal|p1a: Dudunsparce|174/343 par|[from] item: Leftovers\n|-damage|p2a: Minun|23/268 tox|[from] psn\n|upkeep\n|turn|48\n|\n|t:|1782809910\n|move|p2a: Minun|Thunderbolt|p1a: Dudunsparce\n|-damage|p1a: Dudunsparce|18/343 par\n|-damage|p2a: Minun|0 fnt|[from] item: Life Orb\n|faint|p2a: Minun\n|\n|win|Jadasteel\n", "inputlog": ">version f8ac14003a5f27e1bdc8d8c59608a773c1cb96e5\n>start {\"formatid\":\"gen9randombattle\",\"seed\":\"sodium,d4bda23d9cc4ebef7b0045206ab27d1b\",\"rated\":\"Rated battle\"}\n>player p1 {\"name\":\"Jadasteel\",\"avatar\":\"fantina\",\"rating\":2063,\"seed\":\"sodium,04e9de0a9fde75916355ff606435d751\"}\n>player p2 {\"name\":\"Reulsen\",\"avatar\":\"red\",\"rating\":2118,\"seed\":\"sodium,67529f44ae01ef0786064c02b5150562\"}\n>p1 switch 2\n>p2 switch 4\n>p1 move bodyslam\n>p2 move thunderwave\n>p1 move bodyslam\n>p2 move stealthrock\n>p1 move bodyslam\n>p2 move softboiled\n>p1 move bodyslam\n>p2 move softboiled\n>p1 move bodyslam\n>p2 move seismictoss\n>p1 move psychicnoise\n>p2 switch 3\n>p1 switch 5\n>p2 move bodypress\n>p1 move leechseed terastallize\n>p2 move bodypress\n>p1 move knockoff\n>p2 switch 6\n>p1 move knockoff\n>p2 move esperwing\n>p2 switch 5\n>p1 move protect\n>p2 move psyshock\n>p1 switch 5\n>p2 move psyshock\n>p1 move bodyslam\n>p2 switch 4\n>p1 move earthquake\n>p2 move flareblitz\n>p1 switch 5\n>p1 move knockoff\n>p2 move flareblitz\n>p2 switch 4\n>p1 move protect\n>p2 move trick\n>p1 switch 4\n>p2 move trick\n>p1 move highhorsepower\n>p2 switch 6\n>p1 move highhorsepower\n>p2 move rest\n>p1 switch 4\n>p2 move irondefense\n>p1 move leechseed\n>p2 move bodypress\n>p1 move ruination\n>p2 switch 6\n>p1 move knockoff\n>p2 move psyshock\n>p1 move knockoff\n>p2 move psyshock\n>p1 switch 4\n>p1 move drainpunch\n>p2 move psyshock\n>p2 switch 6\n>p1 move drainpunch\n>p2 move irondefense\n>p1 move drainpunch\n>p2 move rest\n>p1 switch 3\n>p2 move bodypress\n>p1 move closecombat\n>p2 move irondefense terastallize\n>p1 switch 3\n>p2 move bodypress\n>p1 move gunkshot\n>p2 move irondefense\n>p1 move gunkshot\n>p2 move irondefense\n>p1 move gunkshot\n>p2 move rest\n>p1 switch 6\n>p2 move bodypress\n>p1 move dragontail\n>p2 move bodypress\n>p1 move powerwhip\n>p2 switch 2\n>p1 move fireblast\n>p2 move irondefense\n>p1 move dracometeor\n>p2 move bodypress\n>p1 switch 6\n>p1 move drainpunch\n>p2 move rest\n>p2 switch 2\n>p1 move drainpunch\n>p2 move thunderbolt\n>p1 move drainpunch\n>p2 move thunderbolt\n>p1 switch 2\n>p1 move boomburst\n>p2 switch 3\n>p1 move boomburst\n>p2 move thunderwave\n>p1 switch 3\n>p2 move softboiled\n>p1 move closecombat\n>p2 move thunderwave\n>p2 switch 3\n>p1 switch 3\n>p2 move thunderbolt\n>p1 move boomburst\n>p2 move thunderbolt", "uploadtime": 1782809349, "views": 3, "formatid": "gen9randombattle", "rating": null, "private": 0, "password": null, "player_dets": [{"name": "Jadasteel", "avatar": "fantina", "rating": 2063, "seed": "sodium,04e9de0a9fde75916355ff606435d751"}, {"name": "Reulsen", "avatar": "red", "rating": 2118, "seed": "sodium,67529f44ae01ef0786064c02b5150562"}], "teams_full": [{"Dudunsparce": {"name": "Dudunsparce", "species": "Dudunsparce-Three-Segment", "speciesId": "dudunsparce", "gender": "M", "shiny": false, "level": 83, "moves": ["boomburst", "shadowball", "calmmind", "roost"], "ability": "Rattled", "evs": {"hp": 85, "atk": 0, "def": 85, "spa": 85, "spd": 85, "spe": 85}, "ivs": {"hp": 31, "atk": 0, "def": 31, "spa": 31, "spd": 31, "spe": 31}, "item": "Leftovers", "teraType": "Ghost", "role": "Bulky Setup", "bvs": {"hp": 125, "atk": 100, "def": 80, "spa": 85, "spd": 75, "spe": 55}, "stats": {"hp": 343, "atk": 171, "def": 180, "spa": 189, "spd": 172, "spe": 139}, "types": ["Normal"]}, "Wyrdeer": {"name": "Wyrdeer", "species": "Wyrdeer", "speciesId": "wyrdeer", "gender": "M", "shiny": false, "level": 87, "moves": ["bodyslam", "psychicnoise", "earthquake", "megahorn"], "ability": "Intimidate", "evs": {"hp": 85, "atk": 85, "def": 85, "spa": 85, "spd": 85, "spe": 85}, "ivs": {"hp": 31, "atk": 31, "def": 31, "spa": 31, "spd": 31, "spe": 31}, "item": "Assault Vest", "teraType": "Ground", "role": "Bulky Attacker", "bvs": {"hp": 103, "atk": 105, "def": 72, "spa": 105, "spd": 75, "spe": 65}, "stats": {"hp": 321, "atk": 232, "def": 175, "spa": 232, "spd": 180, "spe": 163}, "types": ["Normal", "Psychic"]}, "Medicham": {"name": "Medicham", "species": "Medicham", "speciesId": "medicham", "gender": "F", "shiny": false, "level": 86, "moves": ["closecombat", "zenheadbutt", "icepunch", "bulletpunch"], "ability": "Pure Power", "evs": {"hp": 85, "atk": 85, "def": 85, "spa": 85, "spd": 85, "spe": 85}, "ivs": {"hp": 31, "atk": 31, "def": 31, "spa": 31, "spd": 31, "spe": 31}, "item": "Choice Band", "teraType": "Fighting", "role": "Fast Attacker", "bvs": {"hp": 60, "atk": 60, "def": 75, "spa": 60, "spd": 75, "spe": 80}, "stats": {"hp": 243, "atk": 152, "def": 178, "spa": 152, "spd": 178, "spe": 187}, "types": ["Fighting", "Psychic"]}, "Okidogi": {"name": "Okidogi", "species": "Okidogi", "speciesId": "okidogi", "gender": "M", "shiny": false, "level": 77, "moves": ["highhorsepower", "drainpunch", "knockoff", "gunkshot"], "ability": "Toxic Chain", "evs": {"hp": 85, "atk": 85, "def": 85, "spa": 85, "spd": 85, "spe": 85}, "ivs": {"hp": 31, "atk": 31, "def": 31, "spa": 31, "spd": 31, "spe": 31}, "item": "Assault Vest", "teraType": "Dark", "role": "AV Pivot", "bvs": {"hp": 88, "atk": 128, "def": 115, "spa": 58, "spd": 86, "spe": 80}, "stats": {"hp": 262, "atk": 242, "def": 222, "spa": 134, "spd": 177, "spe": 168}, "types": ["Poison", "Fighting"]}, "Wo-Chien": {"name": "Wo-Chien", "species": "Wo-Chien", "speciesId": "wochien", "gender": "N", "shiny": false, "level": 83, "moves": ["leechseed", "knockoff", "ruination", "protect"], "ability": "Tablets of Ruin", "evs": {"hp": 85, "atk": 85, "def": 85, "spa": 85, "spd": 85, "spe": 85}, "ivs": {"hp": 31, "atk": 31, "def": 31, "spa": 31, "spd": 31, "spe": 31}, "item": "Leftovers", "teraType": "Poison", "role": "Bulky Support", "bvs": {"hp": 85, "atk": 85, "def": 100, "spa": 95, "spd": 135, "spe": 70}, "stats": {"hp": 277, "atk": 189, "def": 214, "spa": 205, "spd": 272, "spe": 164}, "types": ["Dark", "Grass"]}, "Goodra": {"name": "Goodra", "species": "Goodra", "speciesId": "goodra", "gender": "M", "shiny": false, "level": 85, "moves": ["powerwhip", "fireblast", "dracometeor", "dragontail"], "ability": "Sap Sipper", "evs": {"hp": 85, "atk": 85, "def": 85, "spa": 85, "spd": 85, "spe": 85}, "ivs": {"hp": 31, "atk": 31, "def": 31, "spa": 31, "spd": 31, "spe": 31}, "item": "Assault Vest", "teraType": "Grass", "role": "AV Pivot", "bvs": {"hp": 90, "atk": 100, "def": 70, "spa": 110, "spd": 150, "spe": 80}, "stats": {"hp": 292, "atk": 219, "def": 168, "spa": 236, "spd": 304, "spe": 185}, "types": ["Dragon"]}}, {"Flareon": {"name": "Flareon", "species": "Flareon", "speciesId": "flareon", "gender": "M", "shiny": false, "level": 90, "moves": ["trailblaze", "willowisp", "facade", "flareblitz"], "ability": "Guts", "evs": {"hp": 85, "atk": 85, "def": 85, "spa": 85, "spd": 85, "spe": 85}, "ivs": {"hp": 31, "atk": 31, "def": 31, "spa": 31, "spd": 31, "spe": 31}, "item": "Toxic Orb", "teraType": "Normal", "role": "Setup Sweeper", "bvs": {"hp": 65, "atk": 130, "def": 60, "spa": 95, "spd": 110, "spe": 65}, "stats": {"hp": 263, "atk": 285, "def": 159, "spa": 222, "spd": 249, "spe": 168}, "types": ["Fire"]}, "Minun": {"name": "Minun", "species": "Minun", "speciesId": "minun", "gender": "M", "shiny": false, "level": 95, "moves": ["grassknot", "alluringvoice", "nastyplot", "thunderbolt"], "ability": "Volt Absorb", "evs": {"hp": 85, "atk": 0, "def": 85, "spa": 85, "spd": 85, "spe": 85}, "ivs": {"hp": 31, "atk": 0, "def": 31, "spa": 31, "spd": 31, "spe": 31}, "item": "Life Orb", "teraType": "Electric", "role": "Setup Sweeper", "bvs": {"hp": 60, "atk": 40, "def": 50, "spa": 75, "spd": 85, "spe": 95}, "stats": {"hp": 268, "atk": 81, "def": 149, "spa": 196, "spd": 215, "spe": 234}, "types": ["Electric"]}, "Registeel": {"name": "Registeel", "species": "Registeel", "speciesId": "registeel", "gender": "N", "shiny": false, "level": 81, "moves": ["rest", "ironhead", "irondefense", "bodypress"], "ability": "Clear Body", "evs": {"hp": 85, "atk": 85, "def": 85, "spa": 85, "spd": 85, "spe": 85}, "ivs": {"hp": 31, "atk": 31, "def": 31, "spa": 31, "spd": 31, "spe": 31}, "item": "Chesto Berry", "teraType": "Fighting", "role": "Bulky Setup", "bvs": {"hp": 80, "atk": 75, "def": 150, "spa": 75, "spd": 150, "spe": 50}, "stats": {"hp": 262, "atk": 168, "def": 290, "spa": 168, "spd": 290, "spe": 128}, "types": ["Steel"]}, "Chansey": {"name": "Chansey", "species": "Chansey", "speciesId": "chansey", "gender": "F", "shiny": false, "level": 85, "moves": ["softboiled", "stealthrock", "thunderwave", "seismictoss"], "ability": "Natural Cure", "evs": {"hp": 85, "atk": 0, "def": 85, "spa": 85, "spd": 85, "spe": 85}, "ivs": {"hp": 31, "atk": 0, "def": 31, "spa": 31, "spd": 31, "spe": 31}, "item": "Eviolite", "teraType": "Dark", "role": "Bulky Support", "bvs": {"hp": 250, "atk": 5, "def": 5, "spa": 35, "spd": 105, "spe": 50}, "stats": {"hp": 564, "atk": 13, "def": 57, "spa": 108, "spd": 227, "spe": 134}, "types": ["Normal"]}, "Gardevoir": {"name": "Gardevoir", "species": "Gardevoir", "speciesId": "gardevoir", "gender": "F", "shiny": false, "level": 83, "moves": ["trick", "psyshock", "mysticalfire", "moonblast"], "ability": "Trace", "evs": {"hp": 85, "atk": 0, "def": 85, "spa": 85, "spd": 85, "spe": 85}, "ivs": {"hp": 31, "atk": 0, "def": 31, "spa": 31, "spd": 31, "spe": 31}, "item": "Choice Scarf", "teraType": "Fairy", "role": "Fast Attacker", "bvs": {"hp": 68, "atk": 65, "def": 65, "spa": 125, "spd": 115, "spe": 80}, "stats": {"hp": 249, "atk": 112, "def": 156, "spa": 255, "spd": 239, "spe": 180}, "types": ["Psychic", "Fairy"]}, "Braviary": {"name": "Braviary", "species": "Braviary-Hisui", "speciesId": "braviaryhisui", "gender": "M", "shiny": false, "level": 85, "moves": ["hurricane", "roost", "defog", "esperwing"], "ability": "Tinted Lens", "evs": {"hp": 85, "atk": 0, "def": 85, "spa": 85, "spd": 85, "spe": 85}, "ivs": {"hp": 31, "atk": 0, "def": 31, "spa": 31, "spd": 31, "spe": 31}, "item": "Heavy-Duty Boots", "teraType": "Psychic", "role": "Bulky Attacker", "bvs": {"hp": 110, "atk": 83, "def": 70, "spa": 112, "spd": 70, "spe": 65}, "stats": {"hp": 326, "atk": 146, "def": 168, "spa": 239, "spd": 168, "spe": 159}, "types": ["Psychic", "Flying"]}}]}