{"id": "gen9randombattle-2641572065", "format": "[Gen 9] Random Battle", "players": ["5star", "JustOut459"], "log": "|badge|p2|silver|gen9randombattle|30-9\n|badge|p2|silver|gen9nu|30-9\n|html|<div class=\"broadcast-red\"><strong>This battle is required to be public due to one or more player having a season medal.</strong><br />During the public phase, you can discuss the state of the ladder <a href=\"/seasondiscussion\">in a special chatroom.</a></div>\n|uhtml|medal-msg|<div class=\"broadcast-blue\">Curious what those medals under the avatar are? PS now has Ladder Seasons! For more information, check out the <a href=\"https://www.smogon.com/forums/threads/3740067/\">thread on Smogon.</a></div>\n|j|\u26065star\n|j|\u2606JustOut459\n|t:|1782810613\n|gametype|singles\n|player|p1|5star|101|2196\n|player|p2|JustOut459|#rbtt9faction2|2435\n|gen|9\n|tier|[Gen 9] Random Battle\n|rated|\n|rule|Species Clause: Limit one of each Pok\u00e9mon\n|rule|HP Percentage Mod: HP is shown in percentages\n|rule|Sleep Clause Mod: Limit one foe put to sleep\n|rule|Illusion Level Mod: Illusion disguises the Pok\u00e9mon's true level\n|\n|t:|1782810613\n|teamsize|p1|6\n|teamsize|p2|6\n|start\n|switch|p1a: Cinccino|Cinccino, L83, M|260/260\n|switch|p2a: Swalot|Swalot, L90, F|326/326\n|turn|1\n|inactive|Battle timer is ON: inactive players will automatically lose when time's up. (requested by JustOut459)\n|\n|t:|1782810632\n|move|p1a: Cinccino|Tail Slap|p2a: Swalot|[miss]\n|-miss|p1a: Cinccino|p2a: Swalot\n|move|p2a: Swalot|Gunk Shot|p1a: Cinccino|[miss]\n|-miss|p2a: Swalot|p1a: Cinccino\n|\n|upkeep\n|turn|2\n|\n|t:|1782810635\n|move|p1a: Cinccino|Tail Slap|p2a: Swalot\n|-damage|p2a: Swalot|286/326\n|-damage|p2a: Swalot|247/326\n|-damage|p2a: Swalot|208/326\n|-damage|p2a: Swalot|172/326\n|-damage|p2a: Swalot|136/326\n|-hitcount|p2a: Swalot|5\n|move|p2a: Swalot|Gunk Shot|p1a: Cinccino\n|-damage|p1a: Cinccino|106/260\n|\n|-heal|p2a: Swalot|156/326|[from] item: Leftovers\n|upkeep\n|turn|3\n|\n|t:|1782810639\n|move|p1a: Cinccino|Tail Slap|p2a: Swalot\n|-damage|p2a: Swalot|120/326\n|-damage|p2a: Swalot|83/326\n|-damage|p2a: Swalot|46/326\n|-damage|p2a: Swalot|10/326\n|-hitcount|p2a: Swalot|4\n|move|p2a: Swalot|Gunk Shot|p1a: Cinccino|[miss]\n|-miss|p2a: Swalot|p1a: Cinccino\n|\n|-heal|p2a: Swalot|30/326|[from] item: Leftovers\n|upkeep\n|turn|4\n|\n|t:|1782810644\n|move|p1a: Cinccino|Triple Axel|p2a: Swalot\n|-damage|p2a: Swalot|10/326\n|-damage|p2a: Swalot|0 fnt\n|faint|p2a: Swalot\n|-hitcount|p2: Swalot|2\n|\n|upkeep\n|\n|t:|1782810658\n|switch|p2a: Conkeldurr|Conkeldurr, L80, F|299/299\n|turn|5\n|\n|t:|1782810663\n|switch|p1a: Vespiquen|Vespiquen, L99, F|299/299\n|-ability|p1a: Vespiquen|Pressure\n|move|p2a: Conkeldurr|Mach Punch|p1a: Vespiquen\n|-resisted|p1a: Vespiquen\n|-damage|p1a: Vespiquen|289/299\n|\n|-status|p2a: Conkeldurr|brn|[from] item: Flame Orb\n|upkeep\n|turn|6\n|\n|t:|1782810676\n|switch|p2a: Sandy Shocks|Sandy Shocks, L80|267/267\n|move|p1a: Vespiquen|Air Slash|p2a: Sandy Shocks\n|-resisted|p2a: Sandy Shocks\n|-damage|p2a: Sandy Shocks|215/267\n|\n|upkeep\n|turn|7\n|\n|t:|1782810686\n|switch|p1a: Rhydon|Rhydon, L85, F|317/317\n|move|p2a: Sandy Shocks|Stealth Rock|p1a: Rhydon\n|-sidestart|p1: 5star|move: Stealth Rock\n|\n|upkeep\n|turn|8\n|\n|t:|1782810694\n|-end|p2a: Sandy Shocks|Protosynthesis|[silent]\n|switch|p2a: Whimsicott|Whimsicott, L84, F|238/238\n|move|p1a: Rhydon|Earthquake|p2a: Whimsicott\n|-resisted|p2a: Whimsicott\n|-damage|p2a: Whimsicott|161/238\n|\n|upkeep\n|turn|9\n|\n|t:|1782810702\n|switch|p1a: Toucannon|Toucannon, L88, M|284/284\n|move|p2a: Whimsicott|U-turn|p1a: Toucannon\n|-resisted|p1a: Toucannon\n|-damage|p1a: Toucannon|264/284\n|\n|t:|1782810714\n|switch|p2a: Sandy Shocks|Sandy Shocks, L80|215/267|[from] U-turn\n|\n|upkeep\n|turn|10\n|\n|t:|1782810723\n|switch|p1a: Rhydon|Rhydon, L85, F|317/317\n|-damage|p1a: Rhydon|298/317|[from] Stealth Rock\n|move|p2a: Sandy Shocks|Thunderbolt|p1a: Rhydon\n|-ability|p1a: Rhydon|Lightning Rod|boost\n|-boost|p1a: Rhydon|spa|1\n|\n|upkeep\n|turn|11\n|\n|t:|1782810733\n|-end|p2a: Sandy Shocks|Protosynthesis|[silent]\n|switch|p2a: Whimsicott|Whimsicott, L84, F|161/238\n|move|p1a: Rhydon|Earthquake|p2a: Whimsicott\n|-resisted|p2a: Whimsicott\n|-damage|p2a: Whimsicott|96/238\n|\n|upkeep\n|turn|12\n|\n|t:|1782810739\n|switch|p1a: Toucannon|Toucannon, L88, M|264/284\n|move|p2a: Whimsicott|Stun Spore|p1a: Toucannon\n|-status|p1a: Toucannon|par\n|\n|upkeep\n|turn|13\n|\n|t:|1782810746\n|switch|p2a: Rampardos|Rampardos, L90, F|321/321\n|cant|p1a: Toucannon|par\n|\n|upkeep\n|turn|14\n|\n|t:|1782810755\n|switch|p2a: Conkeldurr|Conkeldurr, L80, F|299/299 brn\n|switch|p1a: Gurdurr|Gurdurr, L85, F|283/283\n|-damage|p1a: Gurdurr|266/283|[from] Stealth Rock\n|\n|-damage|p2a: Conkeldurr|281/299 brn|[from] brn\n|upkeep\n|turn|15\n|\n|t:|1782810762\n|move|p2a: Conkeldurr|Knock Off|p1a: Gurdurr\n|-resisted|p1a: Gurdurr\n|-damage|p1a: Gurdurr|223/283\n|-enditem|p1a: Gurdurr|Eviolite|[from] move: Knock Off|[of] p2a: Conkeldurr\n|move|p1a: Gurdurr|Drain Punch|p2a: Conkeldurr\n|-damage|p2a: Conkeldurr|193/299 brn\n|-heal|p1a: Gurdurr|267/283|[from] drain|[of] p2a: Conkeldurr\n|\n|-damage|p2a: Conkeldurr|175/299 brn|[from] brn\n|upkeep\n|turn|16\n|\n|t:|1782810771\n|switch|p2a: Whimsicott|Whimsicott, L84, F|96/238\n|move|p1a: Gurdurr|Drain Punch|p2a: Whimsicott\n|-resisted|p2a: Whimsicott\n|-damage|p2a: Whimsicott|51/238\n|-heal|p1a: Gurdurr|283/283|[from] drain|[of] p2a: Whimsicott\n|\n|upkeep\n|turn|17\n|\n|t:|1782810777\n|switch|p1a: Toucannon|Toucannon, L88, M|264/284 par\n|move|p2a: Whimsicott|Moonblast|p1a: Toucannon\n|-damage|p1a: Toucannon|179/284 par\n|-unboost|p1a: Toucannon|spa|1\n|\n|upkeep\n|turn|18\n|\n|t:|1782810784\n|switch|p2a: Rampardos|Rampardos, L90, F|321/321\n|move|p1a: Toucannon|Boomburst|p2a: Rampardos\n|-resisted|p2a: Rampardos\n|-damage|p2a: Rampardos|263/321\n|\n|upkeep\n|turn|19\n|\n|t:|1782810795\n|switch|p1a: Gurdurr|Gurdurr, L85, F|283/283\n|-damage|p1a: Gurdurr|266/283|[from] Stealth Rock\n|move|p2a: Rampardos|Rock Slide|p1a: Gurdurr\n|-resisted|p1a: Gurdurr\n|-damage|p1a: Gurdurr|167/283\n|\n|upkeep\n|turn|20\n|\n|t:|1782810801\n|switch|p2a: Whimsicott|Whimsicott, L84, F|51/238\n|move|p1a: Gurdurr|Drain Punch|p2a: Whimsicott\n|-resisted|p2a: Whimsicott\n|-damage|p2a: Whimsicott|5/238\n|-heal|p1a: Gurdurr|190/283|[from] drain|[of] p2a: Whimsicott\n|\n|upkeep\n|turn|21\n|\n|t:|1782810806\n|move|p2a: Whimsicott|Stun Spore|p1a: Gurdurr\n|-status|p1a: Gurdurr|par\n|move|p1a: Gurdurr|Mach Punch|p2a: Whimsicott\n|-resisted|p2a: Whimsicott\n|-crit|p2a: Whimsicott\n|-damage|p2a: Whimsicott|0 fnt\n|faint|p2a: Whimsicott\n|\n|upkeep\n|\n|t:|1782810811\n|switch|p2a: Conkeldurr|Conkeldurr, L80, F|175/299 brn\n|turn|22\n|\n|t:|1782810824\n|switch|p1a: Toucannon|Toucannon, L88, M|179/284 par\n|move|p2a: Conkeldurr|Close Combat|p1a: Toucannon\n|-damage|p1a: Toucannon|0 fnt\n|-unboost|p2a: Conkeldurr|def|1\n|-unboost|p2a: Conkeldurr|spd|1\n|faint|p1a: Toucannon\n|\n|-damage|p2a: Conkeldurr|157/299 brn|[from] brn\n|upkeep\n|\n|t:|1782810843\n|switch|p1a: Vespiquen|Vespiquen, L99, F|289/299\n|-ability|p1a: Vespiquen|Pressure\n|turn|23\n|\n|t:|1782810847\n|switch|p2a: Sandy Shocks|Sandy Shocks, L80|215/267\n|move|p1a: Vespiquen|Toxic Spikes|p2a: Sandy Shocks\n|-sidestart|p2: JustOut459|move: Toxic Spikes\n|\n|upkeep\n|turn|24\n|\n|t:|1782810862\n|move|p2a: Sandy Shocks|Thunderbolt|p1a: Vespiquen\n|-supereffective|p1a: Vespiquen\n|-damage|p1a: Vespiquen|133/299\n|move|p1a: Vespiquen|Toxic Spikes|p2a: Sandy Shocks\n|-sidestart|p2: JustOut459|move: Toxic Spikes\n|\n|upkeep\n|turn|25\n|\n|t:|1782810868\n|switch|p1a: Umbreon|Umbreon, L84, M|297/297\n|-damage|p1a: Umbreon|260/297|[from] Stealth Rock\n|move|p2a: Sandy Shocks|Earth Power|p1a: Umbreon\n|-damage|p1a: Umbreon|181/297\n|\n|-heal|p1a: Umbreon|199/297|[from] item: Leftovers\n|upkeep\n|turn|26\n|\n|t:|1782810878\n|move|p2a: Sandy Shocks|Volt Switch|p1a: Umbreon\n|-damage|p1a: Umbreon|142/297\n|\n|t:|1782810880\n|-end|p2a: Sandy Shocks|Protosynthesis|[silent]\n|switch|p2a: Palafin|Palafin, L77, M|281/281|[from] Volt Switch\n|-status|p2a: Palafin|tox\n|move|p1a: Umbreon|Foul Play|p2a: Palafin\n|-damage|p2a: Palafin|185/281 tox\n|\n|-heal|p2a: Palafin|202/281 tox|[from] item: Leftovers\n|-heal|p1a: Umbreon|160/297|[from] item: Leftovers\n|-damage|p2a: Palafin|185/281 tox|[from] psn\n|upkeep\n|turn|27\n|\n|t:|1782810887\n|detailschange|p2a: Palafin|Palafin-Hero, L77, M\n|switch|p2a: Conkeldurr|Conkeldurr, L80, F|157/299 brn\n|move|p1a: Umbreon|Wish|p1a: Umbreon\n|\n|-heal|p1a: Umbreon|178/297|[from] item: Leftovers\n|-damage|p2a: Conkeldurr|139/299 brn|[from] brn\n|upkeep\n|turn|28\n|\n|t:|1782810894\n|move|p1a: Umbreon|Protect|p1a: Umbreon\n|-singleturn|p1a: Umbreon|Protect\n|move|p2a: Conkeldurr|Facade|p1a: Umbreon\n|-activate|p1a: Umbreon|move: Protect\n|\n|-heal|p1a: Umbreon|297/297|[from] move: Wish|[wisher] Umbreon\n|-damage|p2a: Conkeldurr|121/299 brn|[from] brn\n|upkeep\n|turn|29\n|\n|t:|1782810909\n|switch|p1a: Cinccino|Cinccino, L83, M|106/260\n|-damage|p1a: Cinccino|74/260|[from] Stealth Rock\n|move|p2a: Conkeldurr|Knock Off|p1a: Cinccino\n|-damage|p1a: Cinccino|0 fnt\n|-enditem|p1a: Cinccino|Loaded Dice|[from] move: Knock Off|[of] p2a: Conkeldurr\n|faint|p1a: Cinccino\n|\n|-damage|p2a: Conkeldurr|103/299 brn|[from] brn\n|upkeep\n|\n|t:|1782810915\n|switch|p1a: Vespiquen|Vespiquen, L99, F|133/299\n|-ability|p1a: Vespiquen|Pressure\n|turn|30\n|\n|t:|1782810918\n|switch|p2a: Sandy Shocks|Sandy Shocks, L80|215/267\n|move|p1a: Vespiquen|Air Slash|p2a: Sandy Shocks\n|-resisted|p2a: Sandy Shocks\n|-damage|p2a: Sandy Shocks|167/267\n|\n|upkeep\n|turn|31\n|\n|t:|1782810927\n|switch|p1a: Gurdurr|Gurdurr, L85, F|190/283 par\n|-damage|p1a: Gurdurr|173/283 par|[from] Stealth Rock\n|move|p2a: Sandy Shocks|Volt Switch|p1a: Gurdurr\n|-damage|p1a: Gurdurr|44/283 par\n|\n|t:|1782810932\n|-end|p2a: Sandy Shocks|Protosynthesis|[silent]\n|switch|p2a: Palafin|Palafin-Hero, L77, M|185/281 tox|[from] Volt Switch\n|-activate|p2a: Palafin|ability: Zero to Hero\n|\n|-heal|p2a: Palafin|202/281 tox|[from] item: Leftovers\n|-damage|p2a: Palafin|185/281 tox|[from] psn\n|upkeep\n|turn|32\n|\n|t:|1782810940\n|switch|p1a: Umbreon|Umbreon, L84, M|297/297\n|-damage|p1a: Umbreon|260/297|[from] Stealth Rock\n|move|p2a: Palafin|Bulk Up|p2a: Palafin\n|-boost|p2a: Palafin|atk|1\n|-boost|p2a: Palafin|def|1\n|\n|-heal|p2a: Palafin|202/281 tox|[from] item: Leftovers\n|-heal|p1a: Umbreon|278/297|[from] item: Leftovers\n|-damage|p2a: Palafin|168/281 tox|[from] psn\n|upkeep\n|turn|33\n|\n|t:|1782810949\n|move|p2a: Palafin|Drain Punch|p1a: Umbreon\n|-supereffective|p1a: Umbreon\n|-damage|p1a: Umbreon|102/297\n|-heal|p2a: Palafin|256/281 tox|[from] drain|[of] p1a: Umbreon\n|move|p1a: Umbreon|Foul Play|p2a: Palafin\n|-damage|p2a: Palafin|112/281 tox\n|\n|-heal|p2a: Palafin|129/281 tox|[from] item: Leftovers\n|-heal|p1a: Umbreon|120/297|[from] item: Leftovers\n|-damage|p2a: Palafin|78/281 tox|[from] psn\n|upkeep\n|turn|34\n|\n|t:|1782810957\n|move|p1a: Umbreon|Protect|p1a: Umbreon\n|-singleturn|p1a: Umbreon|Protect\n|move|p2a: Palafin|Bulk Up|p2a: Palafin\n|-boost|p2a: Palafin|atk|1\n|-boost|p2a: Palafin|def|1\n|\n|-heal|p2a: Palafin|95/281 tox|[from] item: Leftovers\n|-heal|p1a: Umbreon|138/297|[from] item: Leftovers\n|-damage|p2a: Palafin|27/281 tox|[from] psn\n|upkeep\n|turn|35\n|\n|t:|1782810978\n|switch|p1a: Gurdurr|Gurdurr, L85, F|44/283 par\n|-damage|p1a: Gurdurr|27/283 par|[from] Stealth Rock\n|move|p2a: Palafin|Ice Punch|p1a: Gurdurr\n|-damage|p1a: Gurdurr|0 fnt\n|faint|p1a: Gurdurr\n|\n|-heal|p2a: Palafin|44/281 tox|[from] item: Leftovers\n|-damage|p2a: Palafin|0 fnt|[from] psn\n|faint|p2a: Palafin\n|upkeep\n|\n|t:|1782810990\n|switch|p2a: Rampardos|Rampardos, L90, F|263/321\n|switch|p1a: Rhydon|Rhydon, L85, F|298/317\n|-status|p2a: Rampardos|tox\n|-damage|p1a: Rhydon|279/317|[from] Stealth Rock\n|turn|36\n|\n|t:|1782810998\n|move|p2a: Rampardos|Earthquake|p1a: Rhydon\n|-supereffective|p1a: Rhydon\n|-damage|p1a: Rhydon|157/317\n|move|p1a: Rhydon|Earthquake|p2a: Rampardos\n|-supereffective|p2a: Rampardos\n|-damage|p2a: Rampardos|0 fnt\n|faint|p2a: Rampardos\n|\n|upkeep\n|\n|t:|1782811003\n|switch|p2a: Sandy Shocks|Sandy Shocks, L80|167/267\n|turn|37\n|\n|t:|1782811013\n|move|p2a: Sandy Shocks|Earth Power|p1a: Rhydon\n|-supereffective|p1a: Rhydon\n|-damage|p1a: Rhydon|0 fnt\n|faint|p1a: Rhydon\n|\n|upkeep\n|\n|t:|1782811018\n|switch|p1a: Umbreon|Umbreon, L84, M|138/297\n|-damage|p1a: Umbreon|101/297|[from] Stealth Rock\n|turn|38\n|\n|t:|1782811026\n|-terastallize|p2a: Sandy Shocks|Electric\n|move|p2a: Sandy Shocks|Thunderbolt|p1a: Umbreon\n|-damage|p1a: Umbreon|1/297\n|move|p1a: Umbreon|Wish|p1a: Umbreon\n|\n|-heal|p1a: Umbreon|19/297|[from] item: Leftovers\n|upkeep\n|turn|39\n|\n|t:|1782811045\n|move|p1a: Umbreon|Protect|p1a: Umbreon\n|-singleturn|p1a: Umbreon|Protect\n|move|p2a: Sandy Shocks|Thunderbolt|p1a: Umbreon\n|-activate|p1a: Umbreon|move: Protect\n|\n|-heal|p1a: Umbreon|167/297|[from] move: Wish|[wisher] Umbreon\n|-heal|p1a: Umbreon|185/297|[from] item: Leftovers\n|upkeep\n|turn|40\n|\n|t:|1782811059\n|move|p2a: Sandy Shocks|Thunderbolt|p1a: Umbreon\n|-damage|p1a: Umbreon|89/297\n|move|p1a: Umbreon|Foul Play|p2a: Sandy Shocks\n|-damage|p2a: Sandy Shocks|107/267\n|\n|-heal|p1a: Umbreon|107/297|[from] item: Leftovers\n|upkeep\n|turn|41\n|\n|t:|1782811070\n|move|p1a: Umbreon|Protect|p1a: Umbreon\n|-singleturn|p1a: Umbreon|Protect\n|move|p2a: Sandy Shocks|Thunderbolt|p1a: Umbreon\n|-activate|p1a: Umbreon|move: Protect\n|\n|-heal|p1a: Umbreon|125/297|[from] item: Leftovers\n|upkeep\n|turn|42\n|\n|t:|1782811077\n|move|p2a: Sandy Shocks|Volt Switch|p1a: Umbreon\n|-damage|p1a: Umbreon|51/297\n|\n|t:|1782811079\n|-end|p2a: Sandy Shocks|Protosynthesis|[silent]\n|switch|p2a: Conkeldurr|Conkeldurr, L80, F|103/299 brn|[from] Volt Switch\n|move|p1a: Umbreon|Wish|p1a: Umbreon\n|\n|-heal|p1a: Umbreon|69/297|[from] item: Leftovers\n|-damage|p2a: Conkeldurr|85/299 brn|[from] brn\n|upkeep\n|turn|43\n|\n|t:|1782811084\n|move|p1a: Umbreon|Protect|p1a: Umbreon\n|-singleturn|p1a: Umbreon|Protect\n|move|p2a: Conkeldurr|Close Combat|p1a: Umbreon\n|-activate|p1a: Umbreon|move: Protect\n|\n|-heal|p1a: Umbreon|217/297|[from] move: Wish|[wisher] Umbreon\n|-heal|p1a: Umbreon|235/297|[from] item: Leftovers\n|-damage|p2a: Conkeldurr|67/299 brn|[from] brn\n|upkeep\n|turn|44\n|\n|t:|1782811092\n|switch|p1a: Vespiquen|Vespiquen, L99, F|133/299\n|-ability|p1a: Vespiquen|Pressure\n|move|p2a: Conkeldurr|Facade|p1a: Vespiquen\n|-damage|p1a: Vespiquen|1/299\n|\n|-damage|p2a: Conkeldurr|49/299 brn|[from] brn\n|upkeep\n|turn|45\n|\n|t:|1782811121\n|move|p2a: Conkeldurr|Mach Punch|p1a: Vespiquen\n|-resisted|p1a: Vespiquen\n|-damage|p1a: Vespiquen|0 fnt\n|faint|p1a: Vespiquen\n|\n|-damage|p2a: Conkeldurr|31/299 brn|[from] brn\n|upkeep\n|\n|t:|1782811123\n|switch|p1a: Umbreon|Umbreon, L84, M|235/297\n|-damage|p1a: Umbreon|198/297|[from] Stealth Rock\n|turn|46\n|\n|t:|1782811128\n|move|p1a: Umbreon|Protect|p1a: Umbreon\n|-singleturn|p1a: Umbreon|Protect\n|move|p2a: Conkeldurr|Mach Punch|p1a: Umbreon\n|-activate|p1a: Umbreon|move: Protect\n|\n|-heal|p1a: Umbreon|216/297|[from] item: Leftovers\n|-damage|p2a: Conkeldurr|13/299 brn|[from] brn\n|upkeep\n|turn|47\n|inactive|5star has 120 seconds left.\n|\n|t:|1782811159\n|move|p1a: Umbreon|Protect||[still]\n|-fail|p1a: Umbreon\n|move|p2a: Conkeldurr|Close Combat|p1a: Umbreon\n|-supereffective|p1a: Umbreon\n|-damage|p1a: Umbreon|0 fnt\n|-unboost|p2a: Conkeldurr|def|1\n|-unboost|p2a: Conkeldurr|spd|1\n|faint|p1a: Umbreon\n|\n|win|JustOut459\n|raw|5star's rating: 2196 &rarr; <strong>2188</strong><br />(-8 for losing)\n|raw|JustOut459's rating: 2435 &rarr; <strong>2443</strong><br />(+8 for winning)\n", "inputlog": ">version f8ac14003a5f27e1bdc8d8c59608a773c1cb96e5\n>start {\"formatid\":\"gen9randombattle\",\"seed\":\"sodium,fadcf1ad156d9c2f28f777cc29d2a4d9\",\"rated\":\"Rated battle\"}\n>player p1 {\"name\":\"5star\",\"avatar\":\"101\",\"rating\":2196,\"seed\":\"sodium,5d0daf8a083400bb0f7e86cb4dad15a1\"}\n>player p2 {\"name\":\"JustOut459\",\"avatar\":\"#rbtt9faction2\",\"rating\":2435,\"seed\":\"sodium,e3a3804b9bb0366f3a0d6d5a24b1fb0e\"}\n>p1 move tailslap\n>p2 move gunkshot\n>p1 move tailslap\n>p2 move gunkshot\n>p1 move tailslap\n>p2 move gunkshot\n>p1 move tripleaxel\n>p2 move gunkshot\n>p2 switch 4\n>p1 switch 2\n>p2 move machpunch\n>p1 move airslash\n>p2 switch 3\n>p1 switch 4\n>p2 move stealthrock\n>p1 move earthquake\n>p2 switch 6\n>p1 switch 3\n>p2 move uturn\n>p2 switch 6\n>p1 switch 3\n>p2 move thunderbolt\n>p1 move earthquake\n>p2 switch 6\n>p1 switch 3\n>p2 move stunspore\n>p1 move boomburst\n>p2 switch 2\n>p1 switch 5\n>p2 switch 3\n>p1 move drainpunch\n>p2 move knockoff\n>p1 move drainpunch\n>p2 switch 2\n>p1 switch 5\n>p2 move moonblast\n>p1 move boomburst\n>p2 switch 3\n>p1 switch 5\n>p2 move rockslide\n>p1 move drainpunch\n>p2 switch 3\n>p1 move machpunch\n>p2 move stunspore\n>p2 switch 2\n>p1 switch 5\n>p2 move closecombat\n>p1 switch 4\n>p1 move toxicspikes\n>p2 switch 6\n>p1 move toxicspikes\n>p2 move thunderbolt\n>p1 switch 6\n>p2 move earthpower\n>p1 move foulplay\n>p2 move voltswitch\n>p2 switch 5\n>p1 move wish\n>p2 switch 6\n>p1 move protect\n>p2 move facade\n>p1 switch 2\n>p2 move knockoff\n>p1 switch 6\n>p1 move airslash\n>p2 switch 5\n>p1 switch 5\n>p2 move voltswitch\n>p2 switch 6\n>p1 switch 2\n>p2 move bulkup\n>p1 move foulplay\n>p2 move drainpunch\n>p1 move protect\n>p2 move bulkup\n>p1 switch 2\n>p2 move icepunch\n>p1 switch 3\n>p2 switch 3\n>p1 move earthquake\n>p2 move earthquake\n>p2 switch 6\n>p1 move earthquake\n>p2 move earthpower\n>p1 switch 2\n>p1 move wish\n>p2 move thunderbolt terastallize\n>p1 move protect\n>p2 move thunderbolt\n>p1 move foulplay\n>p2 move thunderbolt\n>p1 move protect\n>p2 move thunderbolt\n>p1 move wish\n>p2 move voltswitch\n>p2 switch 5\n>p1 move protect\n>p2 move closecombat\n>p1 switch 5\n>p2 move facade\n>p1 move airslash\n>p2 move machpunch\n>p1 switch 5\n>p1 move protect\n>p2 move machpunch\n>p1 move protect\n>p2 move closecombat", "uploadtime": 1782810614, "views": 5, "formatid": "gen9randombattle", "rating": 2188, "private": 0, "password": null, "player_dets": [{"name": "5star", "avatar": "101", "rating": 2196, "seed": "sodium,5d0daf8a083400bb0f7e86cb4dad15a1"}, {"name": "JustOut459", "avatar": "#rbtt9faction2", "rating": 2435, "seed": "sodium,e3a3804b9bb0366f3a0d6d5a24b1fb0e"}], "teams_full": [{"Cinccino": {"name": "Cinccino", "species": "Cinccino", "speciesId": "cinccino", "gender": "M", "shiny": false, "level": 83, "moves": ["bulletseed", "tripleaxel", "uturn", "tailslap"], "ability": "Technician", "evs": {"hp": 85, "atk": 85, "def": 85, "spa": 85, "spd": 85, "spe": 85}, "ivs": {"hp": 31, "atk": 31, "def": 31, "spa": 31, "spd": 31, "spe": 31}, "item": "Loaded Dice", "teraType": "Ice", "role": "Fast Attacker", "bvs": {"hp": 75, "atk": 95, "def": 60, "spa": 65, "spd": 60, "spe": 115}, "stats": {"hp": 260, "atk": 205, "def": 147, "spa": 156, "spd": 147, "spe": 239}, "types": ["Normal"]}, "Vespiquen": {"name": "Vespiquen", "species": "Vespiquen", "speciesId": "vespiquen", "gender": "F", "shiny": false, "level": 99, "moves": ["airslash", "uturn", "roost", "toxicspikes"], "ability": "Pressure", "evs": {"hp": 85, "atk": 85, "def": 85, "spa": 85, "spd": 85, "spe": 85}, "ivs": {"hp": 31, "atk": 31, "def": 31, "spa": 31, "spd": 31, "spe": 31}, "item": "Heavy-Duty Boots", "teraType": "Steel", "role": "Bulky Support", "bvs": {"hp": 70, "atk": 80, "def": 102, "spa": 80, "spd": 102, "spe": 40}, "stats": {"hp": 299, "atk": 214, "def": 258, "spa": 214, "spd": 258, "spe": 135}, "types": ["Bug", "Flying"]}, "Toucannon": {"name": "Toucannon", "species": "Toucannon", "speciesId": "toucannon", "gender": "M", "shiny": false, "level": 88, "moves": ["roost", "knockoff", "beakblast", "boomburst"], "ability": "Keen Eye", "evs": {"hp": 85, "atk": 85, "def": 85, "spa": 85, "spd": 85, "spe": 85}, "ivs": {"hp": 31, "atk": 31, "def": 31, "spa": 31, "spd": 31, "spe": 31}, "item": "Heavy-Duty Boots", "teraType": "Steel", "role": "Bulky Support", "bvs": {"hp": 80, "atk": 120, "def": 75, "spa": 75, "spd": 75, "spe": 60}, "stats": {"hp": 284, "atk": 261, "def": 182, "spa": 182, "spd": 182, "spe": 156}, "types": ["Normal", "Flying"]}, "Rhydon": {"name": "Rhydon", "species": "Rhydon", "speciesId": "rhydon", "gender": "F", "shiny": false, "level": 85, "moves": ["earthquake", "megahorn", "stealthrock", "stoneedge"], "ability": "Lightning Rod", "evs": {"hp": 85, "atk": 85, "def": 85, "spa": 85, "spd": 85, "spe": 85}, "ivs": {"hp": 31, "atk": 31, "def": 31, "spa": 31, "spd": 31, "spe": 31}, "item": "Eviolite", "teraType": "Water", "role": "Bulky Attacker", "bvs": {"hp": 105, "atk": 130, "def": 120, "spa": 45, "spd": 45, "spe": 40}, "stats": {"hp": 317, "atk": 270, "def": 253, "spa": 125, "spd": 125, "spe": 117}, "types": ["Ground", "Rock"]}, "Gurdurr": {"name": "Gurdurr", "species": "Gurdurr", "speciesId": "gurdurr", "gender": "F", "shiny": false, "level": 85, "moves": ["drainpunch", "bulkup", "machpunch", "knockoff"], "ability": "Guts", "evs": {"hp": 85, "atk": 85, "def": 85, "spa": 85, "spd": 85, "spe": 85}, "ivs": {"hp": 31, "atk": 31, "def": 31, "spa": 31, "spd": 31, "spe": 31}, "item": "Eviolite", "teraType": "Steel", "role": "Bulky Attacker", "bvs": {"hp": 85, "atk": 105, "def": 85, "spa": 40, "spd": 50, "spe": 40}, "stats": {"hp": 283, "atk": 227, "def": 193, "spa": 117, "spd": 134, "spe": 117}, "types": ["Fighting"]}, "Umbreon": {"name": "Umbreon", "species": "Umbreon", "speciesId": "umbreon", "gender": "M", "shiny": false, "level": 84, "moves": ["foulplay", "toxic", "wish", "protect"], "ability": "Synchronize", "evs": {"hp": 85, "atk": 0, "def": 85, "spa": 85, "spd": 85, "spe": 85}, "ivs": {"hp": 31, "atk": 0, "def": 31, "spa": 31, "spd": 31, "spe": 31}, "item": "Leftovers", "teraType": "Poison", "role": "Bulky Support", "bvs": {"hp": 95, "atk": 65, "def": 110, "spa": 60, "spd": 130, "spe": 65}, "stats": {"hp": 297, "atk": 114, "def": 233, "spa": 149, "spd": 267, "spe": 157}, "types": ["Dark"]}}, {"Swalot": {"name": "Swalot", "species": "Swalot", "speciesId": "swalot", "gender": "F", "shiny": false, "level": 90, "moves": ["knockoff", "earthquake", "gunkshot", "swordsdance"], "ability": "Liquid Ooze", "evs": {"hp": 85, "atk": 85, "def": 85, "spa": 85, "spd": 85, "spe": 85}, "ivs": {"hp": 31, "atk": 31, "def": 31, "spa": 31, "spd": 31, "spe": 31}, "item": "Leftovers", "teraType": "Dark", "role": "Bulky Setup", "bvs": {"hp": 100, "atk": 73, "def": 83, "spa": 73, "spd": 83, "spe": 55}, "stats": {"hp": 326, "atk": 183, "def": 201, "spa": 183, "spd": 201, "spe": 150}, "types": ["Poison"]}, "Rampardos": {"name": "Rampardos", "species": "Rampardos", "speciesId": "rampardos", "gender": "F", "shiny": false, "level": 90, "moves": ["firepunch", "rockslide", "headsmash", "earthquake"], "ability": "Sheer Force", "evs": {"hp": 85, "atk": 85, "def": 85, "spa": 85, "spd": 85, "spe": 85}, "ivs": {"hp": 31, "atk": 31, "def": 31, "spa": 31, "spd": 31, "spe": 31}, "item": "Choice Scarf", "teraType": "Rock", "role": "Fast Attacker", "bvs": {"hp": 97, "atk": 165, "def": 60, "spa": 65, "spd": 50, "spe": 58}, "stats": {"hp": 321, "atk": 348, "def": 159, "spa": 168, "spd": 141, "spe": 156}, "types": ["Rock"]}, "Sandy Shocks": {"name": "Sandy Shocks", "species": "Sandy Shocks", "speciesId": "sandyshocks", "gender": "N", "shiny": false, "level": 80, "moves": ["thunderbolt", "earthpower", "stealthrock", "voltswitch"], "ability": "Protosynthesis", "evs": {"hp": 85, "atk": 0, "def": 85, "spa": 85, "spd": 85, "spe": 85}, "ivs": {"hp": 31, "atk": 0, "def": 31, "spa": 31, "spd": 31, "spe": 31}, "item": "Heavy-Duty Boots", "teraType": "Electric", "role": "Fast Support", "bvs": {"hp": 85, "atk": 81, "def": 97, "spa": 121, "spd": 85, "spe": 101}, "stats": {"hp": 267, "atk": 134, "def": 201, "spa": 240, "spd": 182, "spe": 208}, "types": ["Electric", "Ground"]}, "Conkeldurr": {"name": "Conkeldurr", "species": "Conkeldurr", "speciesId": "conkeldurr", "gender": "F", "shiny": false, "level": 80, "moves": ["machpunch", "knockoff", "facade", "closecombat"], "ability": "Guts", "evs": {"hp": 85, "atk": 85, "def": 85, "spa": 85, "spd": 85, "spe": 85}, "ivs": {"hp": 31, "atk": 31, "def": 31, "spa": 31, "spd": 31, "spe": 31}, "item": "Flame Orb", "teraType": "Normal", "role": "Wallbreaker", "bvs": {"hp": 105, "atk": 140, "def": 95, "spa": 55, "spd": 65, "spe": 45}, "stats": {"hp": 299, "atk": 270, "def": 198, "spa": 134, "spd": 150, "spe": 118}, "types": ["Fighting"]}, "Palafin": {"name": "Palafin", "species": "Palafin", "speciesId": "palafin", "gender": "M", "shiny": false, "level": 77, "moves": ["bulkup", "jetpunch", "icepunch", "drainpunch"], "ability": "Zero to Hero", "evs": {"hp": 85, "atk": 85, "def": 85, "spa": 85, "spd": 85, "spe": 85}, "ivs": {"hp": 31, "atk": 31, "def": 31, "spa": 31, "spd": 31, "spe": 31}, "item": "Leftovers", "teraType": "Steel", "role": "Bulky Setup", "bvs": {"hp": 100, "atk": 70, "def": 72, "spa": 53, "spd": 62, "spe": 100}, "stats": {"hp": 281, "atk": 152, "def": 155, "spa": 126, "spd": 140, "spe": 199}, "types": ["Water"]}, "Whimsicott": {"name": "Whimsicott", "species": "Whimsicott", "speciesId": "whimsicott", "gender": "F", "shiny": false, "level": 84, "moves": ["gigadrain", "stunspore", "moonblast", "uturn"], "ability": "Prankster", "evs": {"hp": 85, "atk": 85, "def": 85, "spa": 85, "spd": 85, "spe": 85}, "ivs": {"hp": 31, "atk": 31, "def": 31, "spa": 31, "spd": 31, "spe": 31}, "item": "Heavy-Duty Boots", "teraType": "Poison", "role": "Fast Support", "bvs": {"hp": 60, "atk": 67, "def": 85, "spa": 77, "spd": 75, "spe": 116}, "stats": {"hp": 238, "atk": 161, "def": 191, "spa": 178, "spd": 174, "spe": 243}, "types": ["Grass", "Fairy"]}}]}